2408 4304
81 359 172 406 msa.
190 340 240 428 x.]
287 341 343 406 De
357 339 640 427 Dr'sposzi‘zbm'bus
653 342 700 408 ad
715 341 863 432 Justrfic.
970 323 1037 434 ¹371

83 507 250 586 positiones
263 511 369 586 praeter
382 508 469 568 fidem
483 527 555 582 eam,
570 529 636 587 quac
650 530 689 570 ex
701 529 769 570 vero
784 530 870 570 sensu
885 511 1042 591 Scriptura

78 609 150 687 jam
173 611 282 668 statuto
306 607 349 688 (n.
373 614 400 683 2,
422 609 487 687 dac.)
510 609 570 669 sola
593 611 709 688 prodest
732 611 768 670 ad
793 611 1041 688 justificationem,

81 709 185 781 fidam,
210 728 322 788 nempe,
347 713 471 769 activam
492 711 522 769 et
545 714 730 787 operantem:
757 710 906 772 Concedo:
935 713 1071 773 Praeter.

81 808 178 868 fidem
201 809 288 868 istam
310 809 408 869 flotam
432 813 461 869 et
474 809 595 882 nullam,
620 809 766 883 fiduciam,
788 829 901 888 nempe,
916 799 1043 872 Novato-

83 927 173 980 rum:
187 909 236 968 val
248 909 336 968 fidem
349 928 418 968 vere
431 909 528 982 talem,
545 909 592 970 sed
607 910 715 968 nudam
728 912 758 969 et
771 909 910 970 otiosam:
926 911 1019 988 Nego.

130 1013 178 1068 66.
201 1009 246 1068 II.
268 1008 425 1086 Distinguc
445 1007 569 1085 primam
589 1013 702 1086 partem
721 1008 860 1069 minoris:
890 1007 1044 1070 Tribuitur

84 1107 160 1167 fidei
170 1127 237 1169 vere
249 1109 313 1184 tali,
324 1129 410 1169 sensu
421 1108 570 1170 Catholicc
583 1109 740 1168 intellecta:
753 1129 760 1168 :
777 1109 922 1169 Concedo:
938 1110 1041 1170 Tribu-

84 1206 151 1266 itur
164 1207 289 1282 fiduciae,
305 1228 390 1268 sensu
404 1208 613 1269 Protcstantico
626 1207 796 1268 intellectae:
811 1209 902 1284 Nego.

131 1311 178 1368 67.
199 1309 262 1370 ΠΙ.
283 1309 440 1386 Distinguo
461 1309 615 1368 secundam
634 1311 746 1384 partem
766 1306 902 1368 minoris:
931 1308 1041 1368 Exclu-

87 1407 202 1466 duntur
215 1427 301 1484 opera
314 1405 380 1468 ante
393 1407 480 1467 fidem
500 1409 585 1482 facta,
602 1410 631 1466 et
645 1425 709 1484 quae
730 1427 802 1484 pure
816 1405 959 1468 naturalia
974 1411 1044 1467 sunt

85 1505 138 1565 vel
153 1506 240 1566 etiam
255 1507 347 1569 mala:
371 1509 515 1568 Concedo:
537 1509 631 1585 Opera
644 1525 710 1584 quaa
723 1510 789 1584 post
801 1495 889 1564 iidem
909 1505 1043 1584 adeptam

86 1607 169 1665 facta
193 1611 270 1679 sunt,
299 1614 329 1667 et
356 1627 394 1668 ex
417 1608 483 1680 fida,
503 1612 642 1686 tanquam
665 1626 703 1666 cx
725 1606 820 1666 radice
843 1605 943 1684 fertili,
968 1625 1041 1666 cres·

30 1761 37 1770 .
85 1714 177 1766 cunt:
193 1707 284 1784 Nego.

130 1810 178 1866 68.
205 1807 280 1867 Ante
294 1806 494 1884 responsiones
506 1806 579 1866 istas
590 1805 758 1883 explanatas
769 1805 902 1884 quaedam
915 1806 1042 1866 notanda
1115 1813 1118 1820 ’

86 1910 168 1967 sunt.
212 1911 248 1968 1⁰.
270 1908 314 1968 De
328 1907 388 1966 sola
398 1906 608 1984 justificatione
627 1905 721 1984 prima
735 1905 783 1965 hic
800 1908 934 1965 movetur
947 1924 1041 1984 quaes·

86 2006 152 2066 tio:
178 2006 338 2066 docuinam
362 2007 440 2067 enim
463 2005 641 2067 Catholicam
660 2006 694 2066 de
708 2025 742 2066 ea
751 2005 962 2083 justificatione
982 2005 1042 2065 sola

85 2108 293 2186 impetitnaec
319 2109 451 2187 objectio.
492 2110 541 2168 An
567 2127 635 2168 vero
662 2107 750 2168 etiam
774 2108 809 2166 de
833 2106 1042 2185 justificatione

86 2209 214 2268 secunda
226 2229 279 2286 per
288 2209 463 2269 occasionem
475 2209 595 2268 verbum
608 2207 696 2266 faciat
705 2207 734 2267 S.
746 2206 864 2280 Paulus,
875 2206 936 2267 vid.
948 2225 977 2268 n.
991 2210 1038 2268 82.

50 2305 55 2314 '
128 2313 178 2370 69.
200 2309 242 2370 2⁰.
265 2309 312 2368 Ex
332 2309 426 2387 prima
445 2311 527 2386 parta
552 2307 690 2386 Epistola:
715 2306 794 2384 (quaa
809 2326 826 2365 a
840 2325 901 2383 cap.
919 2310 945 2368 1.
970 2301 1038 2366 ad'8

84 2409 229 2471 inclusive
243 2410 385 2490 excurrit)
405 2410 543 2488 inspecta,
559 2407 744 2466 manifestum
765 2409 816 2480 cst,
831 2405 908 2464 inter
921 2405 1040 2467 ludaeos

87 2514 118 2570 et
132 2510 256 2586 gentiles
269 2530 427 2584 conversos,
443 2511 544 2570 Romae
557 2507 715 2568 invaluisse
728 2507 887 2566 sententias
901 2506 1040 2584 quasdam

87 2611 177 2670 falsas
197 2614 227 2670 et
248 2610 430 2688 perniciosas,
446 2611 524 2669 unda
545 2615 646 2668 exorta
669 2610 739 2666 sunt
751 2606 828 2665 inter
849 2624 896 2665 eos
919 2605 1039 2664 dissidia

87 2715 118 2770 et
132 2711 335 2770 contentiones.
377 2710 430 2769 Illi
442 2709 519 2768 enim
533 2708 597 2780 cibi,
613 2705 682 2784 quia
695 2725 786 2782 genus
806 2708 888 2764 crant
900 2705 1037 2778 Abrahae,

81 2812 134 2888 jus
147 2811 292 2890 quoddam
311 2809 459 2890 proprium
472 2808 666 2877 vindicarunt,
682 2824 748 2882 quc,
767 2822 827 2882 praa
841 2803 985 2880 gentibus,
1001 2804 1038 2862 ad

87 2909 258 2986 religionem
285 2909 488 2970 ‘Christianam
522 2911 552 2967 ct
578 2904 817 2984 justificationem
847 2906 1035 2963 vocarentur:

87 3010 173 3082 infra,
192 3030 223 3070 n.
240 3011 286 3071 71.
327 3009 371 3070 Hi
392 3028 459 3068 vero
484 3006 573 3068 errori
594 3004 645 3064 isti
666 3004 722 3064 alio
745 3023 840 3064 errore
863 3023 921 3062 non
942 3001 1038 3076 minus

87 3109 245 3188 pernicioso
270 3111 306 3170 de
321 3109 380 3170 suis
403 3109 491 3170 etiam
505 3106 680 3186 quibusdam
702 3103 814 3163 meritis
834 3102 958 3180 propriis
979 3121 1040 3162 sese

89 3228 255 3288 opposuere.
307 3209 371 3268 Hoc
397 3208 470 3268 mihi
496 3227 555 3268 non
577 3225 655 3266 mere
681 3203 838 3282 probabile,
864 3206 899 3260 ut
921 3201 1041 3278 quidam

88 3312 202 3389 putant,
219 3309 279 3384 sed,
302 3315 338 3369 ut
351 3309 424 3383 dixi,
439 3309 627 3368 manifestum
651 3309 703 3364 est.
744 3302 809 3361 Etsi
823 3301 899 3360 enim
913 3320 965 3378 per
984 3300 1042 3360 ista

90 3409 194 3487 capita,
209 3410 288 3470 utin
302 3409 368 3470 aliia
382 3411 442 3469 suis
451 3407 600 3488 Epistolis,
609 3405 658 3465 hic
668 3403 739 3475 illic,
750 3402 825 3492 datis
835 3399 1038 3473 occasionibus,

87 3511 143 3570 alia
156 3510 223 3587 plus
236 3511 333 3570 minus
352 3513 475 3588 cognata
487 3512 589 3585 tangat
603 3507 632 3567 S.
647 3506 775 3575 Paulus:
795 3504 922 3580 primum
941 3505 1038 3560 tamen

86 3613 116 3672 et
129 3609 291 3672 maximum
312 3611 433 3676 istorum
455 3611 583 3695 capitum
605 3609 808 3690 argumentum
825 3606 877 3680 cst,
893 3603 928 3664 ut
941 3603 1036 3665 osteu-
1103 3641 1112 3662 .
