2424 4300
79 335 167 380 mse.
185 313 240 403 v.]
290 317 345 382 De
362 315 483 382 &alac
498 315 591 381 Med.
608 314 935 401 effide—posthoc.
986 336 1039 401 13¹

79 486 139 540 tres
153 481 240 540 mei:
264 482 389 543 scientes
409 483 545 561 quoniam
564 483 658 560 majus
674 481 819 560 judicium
840 479 964 540 sumitis.
1007 480 1044 537 In

79 580 185 641 multis
199 581 379 641 offendimus
389 602 486 642 omnes
497 580 641 662 [duramen
658 581 677 641 i.
690 601 715 641 e.
731 581 915 660 (plerumque
926 579 1042 652 saltem)

78 701 181 742 omnes
196 683 329 756 omnino,
345 683 426 742 nullo
438 687 570 760 excepto,
583 682 623 742 id.
640 702 672 742 ac
687 682 743 757 ἅμα
758 680 887 759 παντες]
932 679 963 740 Si
977 679 1043 757 quis

79 780 111 838 in
126 782 219 842 verbo
241 801 302 842 non
323 782 453 854 offendit,
469 783 517 842 hic
531 783 675 859 perfectus
695 785 740 841 est
759 781 836 841 vir.''
878 779 975 840 Jacob.
999 777 1042 836 iii.

84 885 155 953 1,2.
200 883 273 942 Etsi
297 883 328 941 in
341 903 415 944 vers.
433 887 446 942 1
463 903 510 942 eos
536 883 610 942 solos
634 883 740 942 diserte
764 885 862 941 monet
887 879 1045 957 Apostolus

80 982 134 1060 qui
148 985 291 1044 ambiunt
305 1005 410 1044 munus
424 985 556 1062 magistri
577 1005 628 1044 seu
649 983 781 1056 doctoris,
804 987 921 1061 propter
934 981 1045 1060 pericu·

80 1085 146 1142 lum
160 1085 199 1144 iis
214 1086 325 1146 exinde
340 1087 552 1156 obventurum
574 1087 606 1144 in
625 1105 699 1146 vers.
717 1089 845 1145 2temen
859 1083 934 1142 hane
955 1081 1047 1142 moni·

84 1183 197 1243 tionem
212 1205 275 1244 non
290 1187 384 1245 solum
406 1185 526 1263 speciali
549 1186 600 1245 sed
623 1186 711 1245 etiam
733 1183 861 1262 generali
875 1187 1047 1258 argumento
1127 1181 1129 1186 ’

82 1284 213 1346 sustinet
238 1292 271 1346 et
292 1290 401 1363 urget:
423 1306 450 1363 q.
465 1286 493 1344 d.
515 1285 621 1345 Cavete
638 1305 690 1344 vos
703 1285 755 1362 qui
770 1283 908 1362 appetitis
921 1282 1047 1344 officium

83 1386 228 1446 docendi:
255 1388 362 1448 exinde
377 1387 453 1448 enim
475 1385 620 1446 habebitis
640 1407 745 1446 novam
765 1386 906 1445 rationem
926 1386 1046 1444 redden-

84 1483 161 1556 dam,
187 1505 299 1544 novem
320 1483 498 1544 occasionem
521 1483 629 1561 lapsus.
673 1483 749 1550 Quia
766 1483 806 1556 1⁰,
823 1503 875 1540 nos
895 1501 1002 1554 omnes,
1018 1485 1048 1540 et

86 1577 225 1656 discipuli
251 1586 282 1640 et
310 1579 452 1657 magistri,
476 1596 574 1638 ornnes
604 1577 773 1650 Christiani,
810 1577 982 1636 offendimus
1015 1577 1047 1636 in

85 1678 333 1740 multis-omnes
354 1679 386 1739 in
409 1679 518 1752 officiis,
540 1699 605 1756 quae
630 1683 699 1737 sunt
712 1677 847 1737 omnibus
861 1677 1046 1747 communia,

87 1779 199 1856 singuli
213 1782 246 1866 in
261 1782 362 1842 officiis
383 1782 437 1842 sibi
458 1782 602 1860 propriis:
625 1787 769 1858 augentur
789 1802 855 1858 ergo
875 1780 1003 1859 pericula
1016 1780 1047 1840 in

86 1879 122 1938 iis
136 1882 189 1958 qui
203 1903 283 1942 nova
297 1882 389 1942 officia
404 1886 548 1960 quaerunt.
589 1883 630 1941 Et
643 1882 674 1940 id
689 1882 731 1953 2⁰,
754 1881 786 1940 in
806 1882 951 1958 magistris
971 1901 1045 1958 proe-

88 1985 172 2063 cipue
187 2008 294 2048 verum
314 1991 379 2048 est:
402 2007 440 2047 ex
464 2007 514 2046 suo
539 1987 616 2047 enim
638 2007 756 2047 munere
775 1988 904 2058 docendi,
930 1987 1047 2046 obnoxii

87 2092 174 2148 erunt
194 2088 338 2166 periculis
357 2087 419 2147 illis
434 2108 471 2147 ex
485 2088 589 2165 lingua
608 2089 804 2164 gravissimis3
827 2107 892 2166 quae
913 2089 1048 2166 deinceps

89 2187 223 2266 depingit
238 2190 405 2268 Apostolus.
449 2189 554 2249 Omnes
575 2210 641 2267 ergo
662 2193 791 2266 peccant,
808 2195 838 2249 et
858 2190 963 2267 saepius
981 2210 1047 2266 pec·

89 2292 164 2347 cant.
177 2307 180 2315 ·
200 2271 347 2356 Quoniam
355 2309 423 2360 vero
435 2309 548 2366 semper
561 2288 664 2365 ingens
677 2288 709 2346 in
719 2288 849 2348 Ecclesia
859 2294 1048 2348 estnumerus

88 2381 237 2457 justornm
252 2385 300 2463 (nt
313 2385 382 2445 alibi
397 2385 566 2463 probatur);
590 2405 656 2462 ergo
670 2385 727 2462 ipsi
738 2383 813 2460 justi
827 2392 956 2462 peccant.

130 2488 178 2543 30.
202 2489 419 2544 Aaouueusum
433 2487 497 2544 111.
522 2485 586 2546 “Si
608 2483 770 2544 dixerimus
791 2484 929 2561 quoniam
949 2504 1049 2560 pecca-

92 2586 155 2643 tum
167 2605 228 2646 non
243 2587 391 2660 habemus,
407 2587 465 2664 ipsi
484 2607 537 2647 nos
559 2585 732 2658 seducimus,
756 2589 786 2644 et
806 2585 914 2646 veritas
923 2584 956 2644 in
968 2586 1052 2646 nobis
1117 2603 1119 2608 ·

92 2702 150 2744 non
164 2689 266 2748 est.''l
282 2690 301 2748 J
303 2708 366 2748 can.
382 2687 399 2746 i.
417 2690 444 2747 8.
487 2689 554 2746 Non
575 2691 619 2747 est
635 2707 707 2764 opus
720 2689 754 2746 ut
768 2686 797 2744 in
813 2687 944 2746 hocloco
959 2706 1050 2747 sermo

93 2785 126 2845 de
140 2790 210 2849 solis
224 2790 387 2851 venialibus
407 2790 454 2850 sit.
497 2791 571 2851 Vult
596 2790 675 2850 enim
699 2791 857 2868 Apostolus
881 2789 1050 2868 simpliciter

92 2889 239 2952 neminem
262 2912 322 2952 esse
344 2892 406 2952 sine
428 2892 729 2968 peccato-neminem
751 2912 819 2951 sane
844 2892 986 2965 adultum,
1014 2893 1050 2953 de

94 2990 200 3066 quibus
224 2995 292 3054 solis
315 2995 362 3054 hic
384 2994 538 3071 loquitur:
560 2995 688 3055 infantes
713 2994 790 3054 enim
810 3014 868 3054 non
886 2999 1006 3072 possunt
1020 3015 1050 3054 se

95 3090 229 3154 seducere
250 3094 298 3153 vel
320 3093 447 3153 mentiri.
488 3094 567 3153 Justi
591 3114 649 3154 non
676 3095 784 3154 habent
802 3094 951 3168 mortalia;
982 3114 1049 3171 ergo

96 3189 197 3252 saltem
212 3193 337 3253 venialia
352 3193 469 3253 habent.

138 3297 184 3352 31.
208 3295 270 3352 Alii
284 3295 381 3372 plures
396 3297 464 3352 sunt
485 3297 593 3366 textus,
608 3294 640 3353 in
654 3294 759 3372 quibus
774 3295 821 3353 vel
835 3295 944 3354 directe
958 3293 1047 3371 signi-

97 3389 198 3452 ficatur
222 3396 353 3455 doctrina
381 3395 538 3466 catholica,
562 3397 609 3454 vel
634 3417 671 3455 ex
696 3398 801 3474 quibus
833 3397 905 3454 bene
934 3397 1049 3473 probari

98 3496 199 3564 potest.
242 3497 340 3570 f‘Non
364 3501 407 3555 cst
428 3497 513 3554 horno
538 3497 589 3572 qui
612 3517 671 3556 non
695 3497 823 3575 peccet.’'
866 3499 970 3573 aReg.
984 3499 1046 3555 viii.

99 3594 143 3650 46.
189 3599 273 3657 “Pro
287 3600 341 3658 hac
357 3597 540 3678 [remissione
551 3599 750 3678 peccatorum]
761 3599 854 3658 orabit
866 3601 902 3658 ad
916 3604 944 3659 te
955 3601 1048 3660 omnis
