2410 4318
19 461 102 507 tier.
122 438 245 525 vum]
300 436 478 508 Concordia
494 435 622 510 Gratia
636 438 870 508 eth‘berlotrs.
948 463 1008 524 243

19 608 99 680 atis,
118 625 192 685 quo
210 605 270 665 hie
290 609 411 668 etnuao
431 604 497 666 vult
510 606 657 666 ambulare
677 611 707 667 et
726 628 785 668 nou
805 609 911 681 sedere,
934 627 1011 687 proe-

22 707 89 768 tari
103 727 178 766 non
189 709 300 786 potest
310 708 418 784 absque
428 725 577 766 eoneursu.
611 707 759 774 Quomodo
770 727 837 786 ergo
849 709 906 770 diai
917 713 1013 788 potest

19 827 217 870 lemannum
235 808 340 868 datum
351 809 438 868 Petro
450 807 637 867 determinari
650 828 668 868 a
681 809 920 871 determinatione
932 812 1013 873 Petri

19 930 78 990 pua
98 929 135 970 se
151 908 347 970 determinat
360 908 397 966 ad
410 907 628 981 ambulandum,
644 929 710 969 aum
724 911 786 971 liaeo
800 910 863 988 ipsa
877 913 1013 975 determi-

19 1009 105 1070 natio
120 1008 222 1070 Petri
241 1007 308 1068 fieri
322 1026 381 1067 nou
394 1009 490 1085 potest
503 1007 564 1067 sine
577 1027 719 1069 oonaursu
733 1009 811 1070 Dei?

62 1113 119 1172 22.
146 1109 253 1170 Hane
296 1107 496 1168 difficultatem
540 1107 596 1170 sibi
631 1109 732 1187 objicit
770 1110 892 1183 Susam,
930 1113 952 1174 l.
990 1133 1014 1174 a.

19 1230 52 1269 n.
82 1211 140 1283 27,
174 1206 330 1270 disertius
357 1210 387 1268 et
408 1207 514 1268 alarius
541 1209 670 1283 Laeuus,
695 1209 730 1269 de
759 1210 859 1271 Gratia
886 1213 1012 1286 Effleaoi,

19 1329 47 1370 a.
80 1313 113 1368 4.
175 1309 301 1368 Eorum
334 1309 432 1368 autem
459 1307 626 1380 solutiones,
658 1309 738 1369 salva
765 1314 913 1370 tantorum
947 1314 1014 1373 doo-

19 1415 127 1468 torum
153 1407 338 1470 reverentia
362 1407 465 1480 dimm,
481 1407 554 1466 mihi
573 1408 659 1468 valde
681 1411 809 1470 obscurae
833 1415 863 1470 et
883 1411 1015 1473 diffloiles

23 1513 111 1582 sunt,
153 1528 267 1588 neque
298 1508 444 1568 ullomodo
475 1508 676 1568 satisfaciunt:
712 1509 801 1570 Suus.
827 1513 955 1573 maxime
979 1534 1012 1574 n.

34 1614 155 1683 14-17,
184 1615 243 1682 21,
269 1613 326 1684 34;
351 1611 432 1670 Luss.
455 1629 483 1668 n.
507 1613 612 1669 11-16.
655 1610 729 1678 Quae
753 1611 831 1672 enim
852 1614 955 1673 dieunt
978 1616 1014 1674 de

33 1729 191 1770 eonaursu
201 1714 373 1786 preparato
384 1712 414 1770 et
427 1708 516 1768 oblato
528 1713 559 1769 et
568 1711 603 1770 de
613 1709 735 1770 relativa
744 1711 894 1789 prioritate
908 1714 1014 1774 natura

37 1831 207 1872 concursus
225 1811 284 1872 Dei
298 1813 328 1870 et
341 1810 581 1872 determinatione
594 1812 721 1872 hominis
734 1818 874 1891 punatnm
889 1814 1013 1875 diffiaul·

35 1913 110 1972 tatis
135 1914 293 1972 intactum
317 1911 450 1984 mittunt,
475 1932 588 1990 nempe,
614 1914 718 1987 Deum,
741 1919 777 1975 ut
800 1921 954 1977 aonaarrat
978 1918 1014 1977 ad

40 2014 286 2074 ambulationem
314 2016 366 2074 sut
388 2013 543 2074 sessionem
566 2015 656 2089 Petri,
685 2021 852 2094 exspectare
879 2019 1014 2079 determi-

40 2115 197 2176 nationem
212 2116 337 2176 liberam
351 2115 432 2174 Petri
453 2135 511 2193 qua
531 2135 561 2176 se
582 2115 754 2178 determinet
773 2119 809 2178 ad
823 2119 1014 2194 alterutrum;

43 2219 73 2274 et
86 2218 193 2278 tamen
207 2215 249 2275 ad
261 2215 336 2275 hano
350 2215 620 2275 determinationem
634 2217 715 2276 Petri
735 2237 819 2296 aeque
832 2223 1012 2280 neeessarius

47 2319 91 2376 est
111 2333 278 2376 eonaursue
291 2313 349 2374 Dei
373 2333 406 2374 aa
428 2315 465 2374 ad
486 2314 580 2392 ipsam
605 2317 867 2376 deambulationem
891 2326 942 2379 aut
957 2339 1016 2380 ees·

52 2413 247 2474 sionem-ad
267 2413 392 2491 priorem
419 2433 589 2474 coneursum
610 2420 714 2474 vocant
733 2415 958 2491 indifferentem,
980 2421 1017 2479 ad

52 2513 175 2576 alteram
201 2513 430 2574 determinatum
451 2534 504 2592 per
526 2513 796 2574 determinationem
817 2516 911 2577 Petri.
959 2517 1016 2578 Sed
1087 2561 1090 2568 -

54 2613 142 2674 nimis
162 2614 287 2691 longum
307 2617 383 2674 esset
395 2614 427 2674 in
447 2634 532 2691 opere
545 2614 713 2691 hujusmodi
731 2615 934 2693 compendioso
954 2617 1016 2678 haee

55 2713 151 2772 omnia
165 2714 259 2773 latius
272 2713 408 2791 prosequi
422 2717 452 2774 et
466 2718 612 2774 excutere.

100 2817 149 2875 23.
170 2815 201 2874 N
202 2835 240 2874 on
254 2815 342 2874 aliam
352 2814 441 2892 hujus
452 2815 632 2874 difficultatis
641 2815 724 2874 videa
736 2815 908 2875 solutionem
917 2837 1016 2876 veram

59 2915 88 2971 et
101 2915 234 2987 solidam,
244 2915 302 2975 nisi
315 2916 436 2976 dicendo
449 2916 545 2976 Deum
558 2917 707 2976 mentibus
718 2923 914 2977 ereaturarum
928 2919 1016 2978 intel·

61 3015 214 3093 ligantium
236 3025 266 3080 et
279 3021 436 3080 liberarum
449 3021 509 3078 vim
531 3026 561 3079 et
573 3021 714 3081 virtutem
735 3021 882 3095 indidisse,
903 3043 968 3102 qua,
984 3025 1016 3083 in

62 3114 139 3177 iisin
153 3121 260 3197 quibus
280 3120 379 3180 liberae
400 3123 478 3193 sunt,
494 3120 614 3196 possint,
631 3123 692 3181 sina
712 3121 773 3180 ullo
788 3123 844 3180 alio
865 3142 1015 3194 coneursu,

66 3232 122 3275 sese
135 3217 274 3278 inelinare
298 3225 328 3278 at
342 3220 534 3278 determinare
558 3220 593 3278 ad
617 3221 762 3296 agendum
776 3221 823 3280 vel
846 3241 904 3280 non
927 3241 1015 3297 agen-

67 3313 140 3388 dum,
151 3319 187 3376 ad
201 3321 254 3378 hoo
268 3319 316 3378 vel
329 3319 405 3378 illud
419 3321 574 3396 agendum3
592 3321 689 3378 statim
702 3320 812 3380 veroin
824 3321 888 3397 ipsa
902 3323 1015 3381 actione

69 3407 220 3476 inchoanda
233 3423 263 3478 et
276 3419 469 3495 exsequenda,
481 3419 542 3483 sive
555 3419 693 3495 negativa
704 3419 764 3477 eive
773 3419 906 3496 positiva,
917 3421 1015 3480 adesse

70 3527 230 3576 aauoursum
244 3517 455 3578 immediatum.
487 3519 554 3578 Uno
564 3520 660 3592 verbo,
671 3519 734 3596 ipsa
744 3518 846 3578 eleetio
859 3537 908 3577 seu
920 3520 1014 3579 deter-

72 3611 183 3675 minatio
205 3619 240 3678 fia
253 3639 291 3678 ex
305 3637 447 3680 aonaureu
467 3618 601 3693 mediato,
618 3625 712 3680 cetera
735 3619 828 3680 omnia
849 3639 914 3698 qum
928 3639 1013 3700 sequ·

72 3723 156 3772 untur
168 3735 204 3776 ex
217 3739 355 3780 aouaureu
369 3718 545 3780 immediato.
