2402 4292
53 409 161 458 mer.
177 385 240 473 nu]
302 383 359 451 Do
371 382 512 451 Nemera
525 385 559 452 et
579 380 627 452 Vi
640 381 736 452 Grat.
752 381 870 452 Habr't.
971 408 1034 476 335

113 560 166 618 86.
194 553 315 632 Ureoter
325 555 354 614 2.
373 550 404 612 S.
416 549 575 630 Soripture,
587 549 620 610 in
630 550 814 630 depingendo
820 551 1035 630 jusiifloetioue

61 657 173 737 impii,
197 657 293 716 utitur
313 653 462 716 voeabulie
487 652 659 725 forensibus,
684 673 736 714 eeu
759 672 826 732 qum
854 655 890 716 de
912 656 1036 736 judieiie

59 757 214 820 humenis
227 755 358 816 adhiberi
368 753 602 832 solent-judex,
608 753 764 832 judicium,
777 754 917 830 tribunal,
933 761 1031 832 teetee,

64 863 139 933 δια,
160 861 196 918 ut
216 857 324 918 Metth.
338 875 367 914 v.
383 859 442 926 25;
463 874 495 916 x.
513 857 548 914 15
566 877 575 926 3
595 853 800 929 Rom.ii.1e;
821 855 883 920 xiv.
901 861 956 932 103
981 861 1032 922 ee,
1159 887 1164 898 .

65 960 157 1037 Ergo
166 957 312 1035 signifieat
319 953 562 1034 justifieetionem
574 953 659 1032 impii
672 973 733 1016 esee
747 974 825 1016 mere
838 956 993 1020 forensem.

117 1063 167 1124 87.
186 1059 271 1136 Rerp.
289 1057 330 1116 10.
349 1055 433 1134 Nego
453 1054 634 1116 euteeedene.
676 1057 777 1117 Sermo
796 1075 855 1118 non
868 1061 912 1118 eet
926 1057 959 1118 in
973 1057 1033 1120 illie

66 1159 210 1222 textibus
225 1159 260 1218 de
269 1155 480 1236 justifiootione
502 1153 669 1234 peooetnrie¹
695 1156 747 1216 sed
770 1155 806 1217 de
830 1157 894 1232 ejue
914 1158 1035 1221 domno·

66 1260 168 1334 tione,
194 1257 230 1318 de
248 1255 361 1335 judieio
382 1254 492 1329 divino,
519 1258 570 1316 &e
610 1259 650 1316 2⁰.
671 1254 809 1316 Gonoeeeo
833 1258 1032 1332 antecedente,

68 1358 256 1436 Distinguo:
278 1354 382 1418 Utitur
404 1354 470 1416 istie
492 1354 525 1414 in
547 1374 633 1416 eeneu
652 1355 848 1434 metaphorice
862 1355 1032 1434 onelogieo:

72 1459 228 1522 Concedo:
256 1458 295 1518 In
321 1475 407 1518 mneu
432 1455 563 1518 literali:
583 1456 676 1533 Nego.
725 1455 928 1520 certissimum
955 1458 1034 1520 enim

72 1565 133 1631 eet,
147 1562 177 1619 et
190 1578 228 1619 ex
241 1557 305 1636 ipse
318 1556 469 1635 Scriptura
481 1555 679 1629 menifestum,
689 1554 760 1616 ietee
773 1556 879 1618 iormee
891 1557 1035 1620 humanae

73 1655 278 1718 nonedhiberi
301 1655 364 1716 eive
384 1654 415 1714 in
436 1654 557 1733 judieiie
578 1654 686 1716 divinis
706 1654 767 1716 eive
781 1655 814 1716 in
822 1655 1034 1734 jueoifieetione

74 1758 255 1840 peeeetorie:
278 1757 346 1818 vide
359 1776 455 1836 eupre,
469 1776 499 1819 n.
516 1757 553 1820 70
567 1759 598 1818 et
610 1757 761 1832 Pnueoue,
776 1776 805 1818 u.
816 1763 885 1830 496.

78 2021 141 2106 §5.
161 2019 305 2082 Probatur
318 2019 460 2080 Dootrr'no
485 2018 629 2080 Ooiiolr'oo
651 2020 683 2080 de
698 2020 822 2100 sormoli
834 2019 1036 2102 joetr'jioote'ono

193 2120 356 2198 precatorio,
371 2138 418 2180 eeu
432 2119 595 2200 deformati
606 2121 915 2200 eoreojueto'floato'oror'e.

122 2331 168 2386 88.
191 2326 364 2386 Pnoeoerrro
378 2326 420 2387 11.
441 2325 604 2387 Peccatores
625 2345 686 2386 oere
706 2331 733 2386 et
740 2327 862 2404 proprie
870 2327 1035 2407 justificare·

81 2432 139 2501 ter,
152 2445 255 2503 nempe,
266 2447 322 2504 per
332 2426 460 2504 qratiam
484 2426 515 2486 r'e
539 2428 642 2488 onimie
666 2445 759 2489 eorem
781 2427 921 2508 differem,
945 2429 1036 2507 eieqee

81 2527 260 2587 intrimeoom
273 2530 300 2586 et
313 2526 498 2588 inhermem.

123 2685 564 2765 (Propositioiormenegetivez
585 2686 752 2748 Peoeetoree
764 2703 823 2746 non
833 2684 1036 2763 justifloontur

82 2785 150 2846 fiete
170 2788 201 2847 et
221 2784 389 2865 improprie,
415 2804 468 2847 eeu
488 2805 540 2867 per
561 2785 652 2848 solnm
674 2785 897 2866 imputationem
907 2785 1034 2865 justitie

84 2889 214 2970 christi.)

22 3095 27 3104 .
129 3054 173 3112 89.
203 3048 380 3128 Arpumeeto
410 3068 445 3110 eoo
479 3049 512 3112 S.
549 3049 712 3130 Seriptora.
765 3053 979 3114 Aaronem
1009 3051 1034 3112 1.

84 3154 273 3230 Argumenta,
289 3171 354 3230 qne
368 3151 405 3212 ed
418 3151 595 3230 superiorem
613 3152 839 3232 propositionem
858 3153 1035 3232 prebendam

86 3275 112 3316 o.
127 3273 155 3316 n.
170 3258 207 3314 59
228 3253 318 3314 allate
337 3259 415 3329 eunt,
430 3273 489 3314 non
502 3254 600 3315 minue
613 3255 690 3316 olere
703 3259 733 3318 et
746 3256 855 3318 inviete
868 3258 898 3316 et
910 3273 1035 3333 praeeen·

86 3363 144 3416 tem
170 3354 397 3433 propositionem
423 3354 550 3417 firment.
597 3355 717 3418 Etenim
743 3355 790 3436 (1)
814 3355 891 3416 eieut
916 3355 1036 3416 invase

88 3455 196 3515 sordido
219 3455 386 3516 mundando
412 3475 472 3518 non
503 3457 597 3520 eolum
628 3459 724 3519 sordeo
752 3459 953 3534 exterguntur,
983 3457 1034 3516 eed

88 3556 188 3618 eander
200 3561 231 3618 et
243 3561 381 3620 venustae
394 3557 421 3618 ei
429 3557 600 3633 offeruntur,
611 3578 671 3620 non
680 3563 715 3621 ut
727 3558 860 3638 quendem
873 3557 901 3620 ei
914 3563 1035 3620 externe

89 3661 118 3720 et
141 3657 224 3741 queei
256 3677 308 3741 per
339 3659 487 3722 fictionem
519 3660 673 3744 imputate,
705 3661 756 3725 seu
789 3660 818 3726 ei
849 3659 1032 3740 inhaerentia,
