<?xml version="1.0" encoding="UTF-8"?>
<!DOCTYPE html PUBLIC "-//W3C//DTD XHTML 1.0 Transitional//EN"
    "http://www.w3.org/TR/xhtml1/DTD/xhtml1-transitional.dtd">
<html xmlns="http://www.w3.org/1999/xhtml" xml:lang="en" lang="en">
 <head>
  <title>
</title>
<meta http-equiv="Content-Type" content="text/html;charset=utf-8" />
  <meta name='ocr-system' content='tesseract 3.04.00' />
  <meta name='ocr-capabilities' content='ocr_page ocr_carea ocr_par ocr_line ocrx_word'/>
</head>
<body>
  <div class='ocr_page' id='page_1' title='image "./tractatusdegrat00murrgoog_0379.png"; bbox 0 0 2402 4292; ppageno 0'>
   <div class='ocr_carea' id='block_1_1' title="bbox 166 395 1133 484">
    <p class='ocr_par' dir='ltr' id='par_1_1' title="bbox 166 395 1133 484">
     <span class='ocr_line' id='line_1_1' title="bbox 166 395 1133 484; baseline -0.003 -18"><span class='ocrx_word' id='word_1_1' title='bbox 166 406 230 484; x_wconf 81' lang='lat'>364</span> <span class='ocrx_word' id='word_1_2' title='bbox 536 397 592 465; x_wconf 84' lang='lat' dir='ltr'>De</span> <span class='ocrx_word' id='word_1_3' title='bbox 610 397 740 466; x_wconf 79' lang='lat' dir='ltr'><em>Gratia.</em></span> <span class='ocrx_word' id='word_1_4' title='bbox 983 395 1085 484; x_wconf 73' lang='lat' dir='ltr'>[usse.</span> <span class='ocrx_word' id='word_1_5' title='bbox 1100 418 1133 462; x_wconf 86' lang='lat' dir='ltr'>x.</span> 
     </span>
    </p>
   </div>
   <div class='ocr_carea' id='block_1_2' title="bbox 156 564 1189 3754">
    <p class='ocr_par' dir='ltr' id='par_1_2' title="bbox 165 564 1137 946">
     <span class='ocr_line' id='line_1_2' title="bbox 167 564 1133 646; baseline -0.004 -18"><span class='ocrx_word' id='word_1_6' title='bbox 167 571 224 628; x_wconf 83' lang='lat' dir='ltr'>eet.</span> <span class='ocrx_word' id='word_1_7' title='bbox 274 565 420 646; x_wconf 75' lang='lat' dir='ltr'>Loquitur</span> <span class='ocrx_word' id='word_1_8' title='bbox 442 566 520 628; x_wconf 86' lang='lat' dir='ltr'>enim</span> <span class='ocrx_word' id='word_1_9' title='bbox 544 565 725 644; x_wconf 69' lang='lat' dir='ltr'>apertissime</span> <span class='ocrx_word' id='word_1_10' title='bbox 754 567 792 626; x_wconf 94' lang='lat' dir='ltr'>de</span> <span class='ocrx_word' id='word_1_11' title='bbox 824 564 947 626; x_wconf 85' lang='lat' dir='ltr'>homine</span> <span class='ocrx_word' id='word_1_12' title='bbox 977 569 1133 643; x_wconf 72' lang='lat' dir='ltr'>peccatore</span> 
     </span>
     <span class='ocr_line' id='line_1_3' title="bbox 165 665 1135 744; baseline -0.002 -17"><span class='ocrx_word' id='word_1_13' title='bbox 165 667 292 728; x_wconf 75' lang='lat' dir='ltr'>habente</span> <span class='ocrx_word' id='word_1_14' title='bbox 312 666 419 727; x_wconf 84' lang='lat' dir='ltr'>fidem:</span> <span class='ocrx_word' id='word_1_15' title='bbox 442 666 537 744; x_wconf 83' lang='lat' dir='ltr'>posito</span> <span class='ocrx_word' id='word_1_16' title='bbox 557 671 656 726; x_wconf 80' lang='lat' dir='ltr'>eutem</span> <span class='ocrx_word' id='word_1_17' title='bbox 679 665 811 726; x_wconf 77' lang='lat' dir='ltr'>doctrino</span> <span class='ocrx_word' id='word_1_18' title='bbox 831 665 1064 738; x_wconf 79' lang='lat' dir='ltr'>Protestautiee,</span> <span class='ocrx_word' id='word_1_19' title='bbox 1078 666 1135 724; x_wconf 91' lang='lat' dir='ltr'>hoe</span> 
     </span>
     <span class='ocr_line' id='line_1_4' title="bbox 167 766 1137 846; baseline -0.003 -18"><span class='ocrx_word' id='word_1_20' title='bbox 167 766 302 846; x_wconf 81' lang='lat' dir='ltr'>implioot</span> <span class='ocrx_word' id='word_1_21' title='bbox 323 767 355 828; x_wconf 88' lang='lat' dir='ltr'>in</span> <span class='ocrx_word' id='word_1_22' title='bbox 376 766 517 829; x_wconf 85' lang='lat' dir='ltr'>terminis.</span> <span class='ocrx_word' id='word_1_23' title='bbox 560 767 670 828; x_wconf 76' lang='lat' dir='ltr'>cetere</span> <span class='ocrx_word' id='word_1_24' title='bbox 690 766 782 845; x_wconf 92' lang='lat' dir='ltr'>hujus</span> <span class='ocrx_word' id='word_1_25' title='bbox 801 766 931 827; x_wconf 78' lang='lat' dir='ltr'>auctoris</span> <span class='ocrx_word' id='word_1_26' title='bbox 951 766 1137 843; x_wconf 79' lang='lat' dir='ltr'>objectiones</span> 
     </span>
     <span class='ocr_line' id='line_1_5' title="bbox 168 866 783 946; baseline -0.003 -18"><span class='ocrx_word' id='word_1_27' title='bbox 168 867 201 928; x_wconf 90' lang='lat' dir='ltr'>in</span> <span class='ocrx_word' id='word_1_28' title='bbox 216 866 359 928; x_wconf 82' lang='lat' dir='ltr'>solutione</span> <span class='ocrx_word' id='word_1_29' title='bbox 373 867 561 946; x_wconf 80' lang='lat' dir='ltr'>sequentium</span> <span class='ocrx_word' id='word_1_30' title='bbox 574 866 783 928; x_wconf 85' lang='lat' dir='ltr'>dissolvuntur.</span> 
     </span>
    </p>

    <p class='ocr_par' dir='ltr' id='par_1_3' title="bbox 165 965 1135 1146">
     <span class='ocr_line' id='line_1_6' title="bbox 207 965 1135 1046; baseline -0.002 -18"><span class='ocrx_word' id='word_1_31' title='bbox 207 972 256 1028; x_wconf 77' lang='grc'>48.</span> <span class='ocrx_word' id='word_1_32' title='bbox 285 967 389 1046; x_wconf 75' lang='lat' dir='ltr'>object.</span> <span class='ocrx_word' id='word_1_33' title='bbox 415 971 443 1029; x_wconf 82' lang='grc'>3.</span> <span class='ocrx_word' id='word_1_34' title='bbox 467 967 555 1028; x_wconf 85' lang='lat' dir='ltr'>Fides</span> <span class='ocrx_word' id='word_1_35' title='bbox 575 967 611 1028; x_wconf 92' lang='lat' dir='ltr'>de</span> <span class='ocrx_word' id='word_1_36' title='bbox 625 987 683 1046; x_wconf 85' lang='lat' dir='ltr'>quo</span> <span class='ocrx_word' id='word_1_37' title='bbox 705 965 840 1046; x_wconf 86' lang='lat' dir='ltr'>loquitur</span> <span class='ocrx_word' id='word_1_38' title='bbox 861 967 892 1028; x_wconf 82' lang='lat' dir='ltr'>S.</span> <span class='ocrx_word' id='word_1_39' title='bbox 916 966 1055 1028; x_wconf 83' lang='lat' dir='ltr'>Jaeobus</span> <span class='ocrx_word' id='word_1_40' title='bbox 1075 986 1135 1027; x_wconf 86' lang='lat' dir='ltr'>uon</span> 
     </span>
     <span class='ocr_line' id='line_1_7' title="bbox 165 1068 995 1146; baseline -0.004 -16"><span class='ocrx_word' id='word_1_41' title='bbox 165 1071 211 1130; x_wconf 82' lang='lat' dir='ltr'>est</span> <span class='ocrx_word' id='word_1_42' title='bbox 225 1068 299 1129; x_wconf 86' lang='lat' dir='ltr'>fides</span> <span class='ocrx_word' id='word_1_43' title='bbox 312 1087 390 1142; x_wconf 71' lang='lat' dir='ltr'>vus,</span> <span class='ocrx_word' id='word_1_44' title='bbox 405 1069 456 1129; x_wconf 89' lang='lat' dir='ltr'>sed</span> <span class='ocrx_word' id='word_1_45' title='bbox 468 1069 539 1129; x_wconf 82' lang='lat' dir='ltr'>toto</span> <span class='ocrx_word' id='word_1_46' title='bbox 550 1073 580 1129; x_wconf 84' lang='lat' dir='ltr'>et</span> <span class='ocrx_word' id='word_1_47' title='bbox 592 1069 675 1129; x_wconf 84' lang='lat' dir='ltr'>fehe.</span> <span class='ocrx_word' id='word_1_48' title='bbox 716 1069 862 1141; x_wconf 76' lang='lat' dir='ltr'>O’Bsm,</span> <span class='ocrx_word' id='word_1_49' title='bbox 876 1087 907 1146; x_wconf 91' lang='lat' dir='ltr'>p.</span> <span class='ocrx_word' id='word_1_50' title='bbox 925 1071 995 1127; x_wconf 77' lang='lat'>141.</span> 
     </span>
    </p>

    <p class='ocr_par' dir='ltr' id='par_1_4' title="bbox 158 1167 1189 2353">
     <span class='ocr_line' id='line_1_8' title="bbox 205 1167 1128 1245; baseline 0 -17"><span class='ocrx_word' id='word_1_51' title='bbox 205 1173 255 1230; x_wconf 80' lang='lat'>49.</span> <span class='ocrx_word' id='word_1_52' title='bbox 277 1169 361 1245; x_wconf 60' lang='lat' dir='ltr'>Repo.</span> <span class='ocrx_word' id='word_1_53' title='bbox 383 1167 559 1245; x_wconf 75' lang='lat' dir='ltr'>Distinguo:</span> <span class='ocrx_word' id='word_1_54' title='bbox 581 1167 670 1229; x_wconf 82' lang='lat' dir='ltr'>Fides</span> <span class='ocrx_word' id='word_1_55' title='bbox 691 1168 746 1227; x_wconf 84' lang='lat' dir='ltr'>illo</span> <span class='ocrx_word' id='word_1_56' title='bbox 765 1186 823 1227; x_wconf 87' lang='lat' dir='ltr'>non</span> <span class='ocrx_word' id='word_1_57' title='bbox 847 1176 895 1228; x_wconf 83' lang='lat' dir='ltr'>ost</span> <span class='ocrx_word' id='word_1_58' title='bbox 914 1167 1128 1228; x_wconf 78' lang='lat' dir='ltr'>fidescelvin·</span> 
     </span>
     <span class='ocr_line' id='line_1_9' title="bbox 164 1267 1126 1348; baseline -0.003 -18"><span class='ocrx_word' id='word_1_59' title='bbox 164 1267 260 1345; x_wconf 65' lang='lat' dir='ltr'>istim,</span> <span class='ocrx_word' id='word_1_60' title='bbox 283 1268 305 1330; x_wconf 88' lang='lat' dir='ltr'>i.</span> <span class='ocrx_word' id='word_1_61' title='bbox 324 1289 350 1330; x_wconf 88' lang='lat' dir='ltr'>e.</span> <span class='ocrx_word' id='word_1_62' title='bbox 375 1269 492 1344; x_wconf 80' lang='lat' dir='ltr'>fiducie,</span> <span class='ocrx_word' id='word_1_63' title='bbox 516 1270 552 1331; x_wconf 90' lang='lat' dir='ltr'>de</span> <span class='ocrx_word' id='word_1_64' title='bbox 574 1290 633 1348; x_wconf 84' lang='lat' dir='ltr'>que</span> <span class='ocrx_word' id='word_1_65' title='bbox 650 1290 746 1348; x_wconf 86' lang='lat' dir='ltr'>supra,</span> <span class='ocrx_word' id='word_1_66' title='bbox 770 1269 832 1330; x_wconf 87' lang='lat' dir='ltr'>sive</span> <span class='ocrx_word' id='word_1_67' title='bbox 854 1289 924 1329; x_wconf 77' lang='lat' dir='ltr'>vere</span> <span class='ocrx_word' id='word_1_68' title='bbox 948 1269 1014 1329; x_wconf 80' lang='lat' dir='ltr'>sive</span> <span class='ocrx_word' id='word_1_69' title='bbox 1036 1269 1126 1330; x_wconf 81' lang='lat' dir='ltr'>fiots:</span> 
     </span>
     <span class='ocr_line' id='line_1_10' title="bbox 165 1369 1128 1447; baseline 0 -17"><span class='ocrx_word' id='word_1_70' title='bbox 165 1369 317 1431; x_wconf 83' lang='lat' dir='ltr'>Couoedo:</span> <span class='ocrx_word' id='word_1_71' title='bbox 339 1370 408 1432; x_wconf 83' lang='lat' dir='ltr'>Non</span> <span class='ocrx_word' id='word_1_72' title='bbox 421 1374 466 1431; x_wconf 87' lang='lat' dir='ltr'>est</span> <span class='ocrx_word' id='word_1_73' title='bbox 485 1389 555 1431; x_wconf 79' lang='lat' dir='ltr'>sere</span> <span class='ocrx_word' id='word_1_74' title='bbox 572 1371 654 1445; x_wconf 87' lang='lat' dir='ltr'>fides,</span> <span class='ocrx_word' id='word_1_75' title='bbox 674 1370 770 1430; x_wconf 81' lang='lat' dir='ltr'>virtus</span> <span class='ocrx_word' id='word_1_76' title='bbox 789 1369 964 1446; x_wconf 75' lang='lat' dir='ltr'>theologico,</span> <span class='ocrx_word' id='word_1_77' title='bbox 986 1389 1051 1447; x_wconf 84' lang='lat' dir='ltr'>que</span> <span class='ocrx_word' id='word_1_78' title='bbox 1067 1389 1128 1430; x_wconf 85' lang='lat' dir='ltr'>ere·</span> 
     </span>
     <span class='ocr_line' id='line_1_11' title="bbox 164 1469 1128 1550; baseline -0.003 -19"><span class='ocrx_word' id='word_1_79' title='bbox 164 1470 277 1532; x_wconf 85' lang='lat' dir='ltr'>duntur</span> <span class='ocrx_word' id='word_1_80' title='bbox 295 1471 424 1532; x_wconf 82' lang='lat' dir='ltr'>roveloto</span> <span class='ocrx_word' id='word_1_81' title='bbox 448 1491 466 1532; x_wconf 84' lang='lat' dir='ltr'>a</span> <span class='ocrx_word' id='word_1_82' title='bbox 489 1472 570 1532; x_wconf 90' lang='lat' dir='ltr'>Deo:</span> <span class='ocrx_word' id='word_1_83' title='bbox 592 1473 685 1550; x_wconf 70' lang='lat' dir='ltr'>Nego.</span> <span class='ocrx_word' id='word_1_84' title='bbox 729 1472 770 1530; x_wconf 90' lang='lat'>1⁰.</span> <span class='ocrx_word' id='word_1_85' title='bbox 791 1471 880 1532; x_wconf 86' lang='lat' dir='ltr'>Fides</span> <span class='ocrx_word' id='word_1_86' title='bbox 900 1475 956 1544; x_wconf 90' lang='lat' dir='ltr'>est,</span> <span class='ocrx_word' id='word_1_87' title='bbox 973 1489 1056 1549; x_wconf 79' lang='lat' dir='ltr'>quse,</span> <span class='ocrx_word' id='word_1_88' title='bbox 1072 1469 1128 1532; x_wconf 82' lang='lat' dir='ltr'>etsi</span> 
     </span>
     <span class='ocr_line' id='line_1_12' title="bbox 164 1570 1126 1651; baseline 0 -21"><span class='ocrx_word' id='word_1_89' title='bbox 164 1570 227 1632; x_wconf 88' lang='lat' dir='ltr'>siue</span> <span class='ocrx_word' id='word_1_90' title='bbox 240 1570 376 1650; x_wconf 84' lang='lat' dir='ltr'>operibus</span> <span class='ocrx_word' id='word_1_91' title='bbox 388 1591 447 1632; x_wconf 88' lang='lat' dir='ltr'>non</span> <span class='ocrx_word' id='word_1_92' title='bbox 457 1571 613 1651; x_wconf 79' lang='lat' dir='ltr'>justificet,</span> <span class='ocrx_word' id='word_1_93' title='bbox 629 1591 694 1630; x_wconf 85' lang='lat' dir='ltr'>cum</span> <span class='ocrx_word' id='word_1_94' title='bbox 715 1571 752 1630; x_wconf 90' lang='lat' dir='ltr'>iis</span> <span class='ocrx_word' id='word_1_95' title='bbox 763 1570 920 1648; x_wconf 77' lang='lat' dir='ltr'>justificet,</span> <span class='ocrx_word' id='word_1_96' title='bbox 934 1575 972 1630; x_wconf 87' lang='lat' dir='ltr'>ut</span> <span class='ocrx_word' id='word_1_97' title='bbox 987 1574 1077 1648; x_wconf 87' lang='lat' dir='ltr'>patet</span> <span class='ocrx_word' id='word_1_98' title='bbox 1088 1590 1126 1630; x_wconf 83' lang='lat' dir='ltr'>ex</span> 
     </span>
     <span class='ocr_line' id='line_1_13' title="bbox 164 1671 1125 1752; baseline -0.002 -18"><span class='ocrx_word' id='word_1_99' title='bbox 164 1677 226 1735; x_wconf 87' lang='lat' dir='ltr'>toto</span> <span class='ocrx_word' id='word_1_100' title='bbox 239 1677 338 1734; x_wconf 88' lang='lat' dir='ltr'>tenore</span> <span class='ocrx_word' id='word_1_101' title='bbox 351 1672 490 1734; x_wconf 81' lang='lat' dir='ltr'>sermonis</span> <span class='ocrx_word' id='word_1_102' title='bbox 500 1673 657 1752; x_wconf 74' lang='lat' dir='ltr'>Apostoli:</span> <span class='ocrx_word' id='word_1_103' title='bbox 679 1673 728 1733; x_wconf 91' lang='lat' dir='ltr'>sed</span> <span class='ocrx_word' id='word_1_104' title='bbox 742 1673 815 1732; x_wconf 89' lang='lat' dir='ltr'>fides</span> <span class='ocrx_word' id='word_1_105' title='bbox 828 1671 885 1732; x_wconf 80' lang='lat' dir='ltr'>isto</span> <span class='ocrx_word' id='word_1_106' title='bbox 899 1675 944 1732; x_wconf 90' lang='lat' dir='ltr'>est</span> <span class='ocrx_word' id='word_1_107' title='bbox 953 1672 1031 1732; x_wconf 83' lang='lat' dir='ltr'>fides</span> <span class='ocrx_word' id='word_1_108' title='bbox 1045 1691 1125 1732; x_wconf 80' lang='lat' dir='ltr'>vers.</span> 
     </span>
     <span class='ocr_line' id='line_1_14' title="bbox 165 1773 1124 1853; baseline -0.002 -19"><span class='ocrx_word' id='word_1_109' title='bbox 165 1775 208 1834; x_wconf 83' lang='lat'>2⁰.</span> <span class='ocrx_word' id='word_1_110' title='bbox 229 1773 317 1836; x_wconf 80' lang='lat' dir='ltr'>Fides</span> <span class='ocrx_word' id='word_1_111' title='bbox 331 1778 385 1849; x_wconf 84' lang='lat' dir='ltr'>est,</span> <span class='ocrx_word' id='word_1_112' title='bbox 402 1793 491 1853; x_wconf 84' lang='lat' dir='ltr'>quem</span> <span class='ocrx_word' id='word_1_113' title='bbox 509 1773 617 1834; x_wconf 82' lang='lat' dir='ltr'>habuit</span> <span class='ocrx_word' id='word_1_114' title='bbox 637 1774 798 1845; x_wconf 84' lang='lat' dir='ltr'>Abraham,</span> <span class='ocrx_word' id='word_1_115' title='bbox 817 1778 849 1834; x_wconf 84' lang='lat' dir='ltr'>et</span> <span class='ocrx_word' id='word_1_116' title='bbox 863 1791 930 1850; x_wconf 79' lang='lat' dir='ltr'>quae</span> <span class='ocrx_word' id='word_1_117' title='bbox 953 1779 974 1806; x_wconf 79' lang='lat'>‘¹</span> <span class='ocrx_word' id='word_1_118' title='bbox 985 1793 1124 1851; x_wconf 80' lang='lat' dir='ltr'>cooperu-</span> 
     </span>
     <span class='ocr_line' id='line_1_15' title="bbox 161 1855 1124 1954; baseline -0.003 -19"><span class='ocrx_word' id='word_1_119' title='bbox 161 1875 248 1936; x_wconf 80' lang='lat' dir='ltr'>botur</span> <span class='ocrx_word' id='word_1_120' title='bbox 281 1875 418 1954; x_wconf 85' lang='lat' dir='ltr'>operibus</span> <span class='ocrx_word' id='word_1_121' title='bbox 449 1855 561 1934; x_wconf 80' lang='lat' dir='ltr'>illius’&#39;</span> <span class='ocrx_word' id='word_1_122' title='bbox 596 1873 684 1952; x_wconf 88' lang='lat' dir='ltr'>(vers.</span> <span class='ocrx_word' id='word_1_123' title='bbox 720 1876 773 1952; x_wconf 83' lang='lat'>22)</span> <span class='ocrx_word' id='word_1_124' title='bbox 803 1874 841 1933; x_wconf 84' lang='lat' dir='ltr'>od</span> <span class='ocrx_word' id='word_1_125' title='bbox 867 1872 1124 1952; x_wconf 78' lang='lat' dir='ltr'>justificationem.</span> 
     </span>
     <span class='ocr_line' id='line_1_16' title="bbox 162 1971 1120 2053; baseline 0 -19"><span class='ocrx_word' id='word_1_126' title='bbox 162 1974 205 2036; x_wconf 78' lang='lat'>8⁰.</span> <span class='ocrx_word' id='word_1_127' title='bbox 227 1971 316 2034; x_wconf 83' lang='lat' dir='ltr'>Fides</span> <span class='ocrx_word' id='word_1_128' title='bbox 328 1979 373 2036; x_wconf 86' lang='lat' dir='ltr'>est</span> <span class='ocrx_word' id='word_1_129' title='bbox 385 1993 424 2035; x_wconf 86' lang='lat' dir='ltr'>ox</span> <span class='ocrx_word' id='word_1_130' title='bbox 436 1994 496 2053; x_wconf 84' lang='lat' dir='ltr'>que</span> <span class='ocrx_word' id='word_1_131' title='bbox 508 1973 571 2035; x_wconf 84' lang='lat' dir='ltr'>sole</span> <span class='ocrx_word' id='word_1_132' title='bbox 590 1977 620 2034; x_wconf 88' lang='lat' dir='ltr'>et</span> <span class='ocrx_word' id='word_1_133' title='bbox 639 1992 691 2050; x_wconf 88' lang='lat' dir='ltr'>per</span> <span class='ocrx_word' id='word_1_134' title='bbox 705 1991 734 2032; x_wconf 87' lang='lat' dir='ltr'>ee</span> <span class='ocrx_word' id='word_1_135' title='bbox 747 1974 833 2032; x_wconf 91' lang='lat' dir='ltr'>homo</span> <span class='ocrx_word' id='word_1_136' title='bbox 853 1992 914 2034; x_wconf 85' lang='lat' dir='ltr'>non</span> <span class='ocrx_word' id='word_1_137' title='bbox 923 1973 1120 2051; x_wconf 80' lang='lat' dir='ltr'>justificatur,</span> 
     </span>
     <span class='ocr_line' id='line_1_17' title="bbox 161 2072 1189 2153; baseline -0.003 -19"><span class='ocrx_word' id='word_1_138' title='bbox 161 2078 192 2134; x_wconf 89' lang='lat' dir='ltr'>ot</span> <span class='ocrx_word' id='word_1_139' title='bbox 203 2073 262 2134; x_wconf 89' lang='lat' dir='ltr'>uisi</span> <span class='ocrx_word' id='word_1_140' title='bbox 274 2075 423 2152; x_wconf 78' lang='lat' dir='ltr'>adjunctis</span> <span class='ocrx_word' id='word_1_141' title='bbox 436 2073 570 2153; x_wconf 76' lang='lat' dir='ltr'>operibus</span> <span class='ocrx_word' id='word_1_142' title='bbox 583 2078 619 2150; x_wconf 88' lang='lat'>(“</span> <span class='ocrx_word' id='word_1_143' title='bbox 629 2093 668 2132; x_wconf 90' lang='lat' dir='ltr'>ex</span> <span class='ocrx_word' id='word_1_144' title='bbox 681 2072 816 2151; x_wconf 85' lang='lat' dir='ltr'>operibus</span> <span class='ocrx_word' id='word_1_145' title='bbox 825 2072 1011 2151; x_wconf 83' lang='lat' dir='ltr'>justificetur</span> <span class='ocrx_word' id='word_1_146' title='bbox 1024 2074 1118 2145; x_wconf 89' lang='lat' dir='ltr'>homo,</span> <span class='ocrx_word' id='word_1_147' title='bbox 1188 2135 1189 2147; x_wconf 18' lang='grc' dir='ltr'>ἢ</span> 
     </span>
     <span class='ocr_line' id='line_1_18' title="bbox 161 2173 1188 2253; baseline -0.002 -19"><span class='ocrx_word' id='word_1_148' title='bbox 161 2177 193 2234; x_wconf 89' lang='lat' dir='ltr'>et</span> <span class='ocrx_word' id='word_1_149' title='bbox 204 2192 312 2235; x_wconf 87' lang='lat' dir='ltr'>uonex</span> <span class='ocrx_word' id='word_1_150' title='bbox 324 2175 382 2235; x_wconf 86' lang='lat' dir='ltr'>fide</span> <span class='ocrx_word' id='word_1_151' title='bbox 397 2178 526 2236; x_wconf 79' lang='lat' dir='ltr'>tontum:</span> <span class='ocrx_word' id='word_1_152' title='bbox 546 2193 621 2248; x_wconf 83' lang='lat' dir='ltr'>vers,</span> <span class='ocrx_word' id='word_1_153' title='bbox 638 2173 700 2248; x_wconf 80' lang='lat'><strong>24),</strong></span> <span class='ocrx_word' id='word_1_154' title='bbox 717 2193 784 2250; x_wconf 82' lang='lat' dir='ltr'>ergo</span> <span class='ocrx_word' id='word_1_155' title='bbox 795 2173 959 2252; x_wconf 85' lang='lat' dir='ltr'>fides(oum</span> <span class='ocrx_word' id='word_1_156' title='bbox 969 2173 1118 2253; x_wconf 84' lang='lat' dir='ltr'>operibus)</span> <span class='ocrx_word' id='word_1_157' title='bbox 1187 2213 1188 2223; x_wconf 41' lang='lat'>1</span> 
     </span>
     <span class='ocr_line' id='line_1_19' title="bbox 158 2273 640 2353; baseline 0 -19"><span class='ocrx_word' id='word_1_158' title='bbox 158 2273 334 2353; x_wconf 76' lang='lat' dir='ltr'>justificans,</span> <span class='ocrx_word' id='word_1_159' title='bbox 349 2294 418 2352; x_wconf 77' lang='lat' dir='ltr'>ergo</span> <span class='ocrx_word' id='word_1_160' title='bbox 430 2293 501 2335; x_wconf 82' lang='lat' dir='ltr'>vero</span> <span class='ocrx_word' id='word_1_161' title='bbox 513 2277 543 2335; x_wconf 91' lang='lat' dir='ltr'>et</span> <span class='ocrx_word' id='word_1_162' title='bbox 555 2275 640 2334; x_wconf 86' lang='lat' dir='ltr'>bono.</span> 
     </span>
    </p>

    <p class='ocr_par' dir='ltr' id='par_1_5' title="bbox 159 2353 1186 2652">
     <span class='ocr_line' id='line_1_20' title="bbox 201 2353 1186 2454; baseline -0.001 -19"><span class='ocrx_word' id='word_1_163' title='bbox 201 2379 250 2436; x_wconf 81' lang='lat'>60.</span> <span class='ocrx_word' id='word_1_164' title='bbox 278 2375 400 2454; x_wconf 61' lang='lat' dir='ltr'>Urgetur</span> <span class='ocrx_word' id='word_1_165' title='bbox 416 2378 441 2434; x_wconf 86' lang='lat'>1.</span> <span class='ocrx_word' id='word_1_166' title='bbox 464 2373 573 2441; x_wconf 87' lang='lat' dir='ltr'>“Quid</span> <span class='ocrx_word' id='word_1_167' title='bbox 586 2371 724 2452; x_wconf 85' lang='lat' dir='ltr'>proderit,</span> <span class='ocrx_word' id='word_1_168' title='bbox 746 2374 772 2432; x_wconf 87' lang='lat' dir='ltr'>si</span> <span class='ocrx_word' id='word_1_169' title='bbox 791 2373 880 2434; x_wconf 90' lang='lat' dir='ltr'>fidem</span> <span class='ocrx_word' id='word_1_170' title='bbox 901 2373 1071 2453; x_wconf 69' lang='lat' dir='ltr'>quisdicat</span> <span class='ocrx_word' id='word_1_171' title='bbox 1089 2395 1117 2434; x_wconf 89' lang='lat' dir='ltr'>se</span> <span class='ocrx_word' id='word_1_172' title='bbox 1184 2353 1186 2448; x_wconf 54' lang='lat' dir='ltr'>i</span> 
     </span>
     <span class='ocr_line' id='line_1_21' title="bbox 160 2472 1184 2555; baseline 0.002 -21"><span class='ocrx_word' id='word_1_173' title='bbox 160 2472 299 2549; x_wconf 81' lang='lat' dir='ltr'>habere,”</span> <span class='ocrx_word' id='word_1_174' title='bbox 324 2477 375 2536; x_wconf 72' lang='lat' dir='ltr'>dio.</span> <span class='ocrx_word' id='word_1_175' title='bbox 401 2494 476 2536; x_wconf 88' lang='lat' dir='ltr'>vere.</span> <span class='ocrx_word' id='word_1_176' title='bbox 502 2477 550 2535; x_wconf 81' lang='lat'>14.</span> <span class='ocrx_word' id='word_1_177' title='bbox 591 2474 647 2534; x_wconf 85' lang='lat' dir='ltr'>Est</span> <span class='ocrx_word' id='word_1_178' title='bbox 665 2492 732 2550; x_wconf 79' lang='lat' dir='ltr'>ergo</span> <span class='ocrx_word' id='word_1_179' title='bbox 754 2473 837 2546; x_wconf 90' lang='lat' dir='ltr'>fides,</span> <span class='ocrx_word' id='word_1_180' title='bbox 857 2493 918 2535; x_wconf 87' lang='lat' dir='ltr'>uon</span> <span class='ocrx_word' id='word_1_181' title='bbox 940 2495 1033 2554; x_wconf 86' lang='lat' dir='ltr'>quem</span> <span class='ocrx_word' id='word_1_182' title='bbox 1053 2475 1117 2555; x_wconf 88' lang='lat' dir='ltr'>quis</span> <span class='ocrx_word' id='word_1_183' title='bbox 1183 2475 1184 2522; x_wconf 64' lang='lat' dir='ltr'>t</span> 
     </span>
     <span class='ocr_line' id='line_1_22' title="bbox 159 2549 1183 2652; baseline 0.002 -18"><span class='ocrx_word' id='word_1_184' title='bbox 159 2572 248 2648; x_wconf 74' lang='lat' dir='ltr'>babet,</span> <span class='ocrx_word' id='word_1_185' title='bbox 264 2573 315 2635; x_wconf 85' lang='lat' dir='ltr'>sed</span> <span class='ocrx_word' id='word_1_186' title='bbox 328 2592 416 2652; x_wconf 84' lang='lat' dir='ltr'>quom</span> <span class='ocrx_word' id='word_1_187' title='bbox 425 2573 494 2634; x_wconf 76' lang='lat' dir='ltr'>dicit</span> <span class='ocrx_word' id='word_1_188' title='bbox 504 2571 667 2646; x_wconf 79' lang='lat' dir='ltr'>sehaber03</span> <span class='ocrx_word' id='word_1_189' title='bbox 683 2572 919 2649; x_wconf 71' lang='lat' dir='ltr'>ergofidesfietu</span> <span class='ocrx_word' id='word_1_190' title='bbox 941 2575 1033 2651; x_wconf 80' lang='lat' dir='ltr'>Idem,</span> <span class='ocrx_word' id='word_1_191' title='bbox 1043 2576 1113 2636; x_wconf 87' lang='lat' dir='ltr'>ibid.</span> <span class='ocrx_word' id='word_1_192' title='bbox 1182 2549 1183 2597; x_wconf 48' lang='lat'>¹</span> 
     </span>
    </p>

    <p class='ocr_par' dir='ltr' id='par_1_6' title="bbox 156 2665 1179 3536">
     <span class='ocr_line' id='line_1_23' title="bbox 199 2665 1112 2757; baseline 0.001 -22"><span class='ocrx_word' id='word_1_193' title='bbox 199 2678 249 2736; x_wconf 85' lang='lat'>61.</span> <span class='ocrx_word' id='word_1_194' title='bbox 269 2676 354 2751; x_wconf 71' lang='lat' dir='ltr'>Jeep.</span> <span class='ocrx_word' id='word_1_195' title='bbox 370 2675 409 2733; x_wconf 89' lang='lat'>10.</span> <span class='ocrx_word' id='word_1_196' title='bbox 430 2674 479 2733; x_wconf 83' lang='lat' dir='ltr'>Ex</span> <span class='ocrx_word' id='word_1_197' title='bbox 492 2665 727 2757; x_wconf 42' lang='lat' dir='ltr'>diutulequitup</span> <span class='ocrx_word' id='word_1_198' title='bbox 739 2672 900 2752; x_wconf 81' lang='lat' dir='ltr'>Apostolus</span> <span class='ocrx_word' id='word_1_199' title='bbox 909 2675 945 2736; x_wconf 89' lang='lat' dir='ltr'>do</span> <span class='ocrx_word' id='word_1_200' title='bbox 958 2676 1018 2737; x_wconf 86' lang='lat' dir='ltr'>fide</span> <span class='ocrx_word' id='word_1_201' title='bbox 1031 2695 1112 2738; x_wconf 82' lang='lat' dir='ltr'>vero:</span> 
     </span>
     <span class='ocr_line' id='line_1_24' title="bbox 158 2772 1114 2852; baseline 0.002 -18"><span class='ocrx_word' id='word_1_202' title='bbox 158 2793 225 2851; x_wconf 81' lang='lat' dir='ltr'>ergo</span> <span class='ocrx_word' id='word_1_203' title='bbox 238 2773 291 2852; x_wconf 90' lang='lat' dir='ltr'>qui</span> <span class='ocrx_word' id='word_1_204' title='bbox 304 2774 353 2834; x_wconf 88' lang='lat' dir='ltr'>hio</span> <span class='ocrx_word' id='word_1_205' title='bbox 367 2773 527 2834; x_wconf 81' lang='lat' dir='ltr'>exhibetur</span> <span class='ocrx_word' id='word_1_206' title='bbox 549 2772 647 2834; x_wconf 81' lang='lat' dir='ltr'>disens</span> <span class='ocrx_word' id='word_1_207' title='bbox 672 2793 702 2835; x_wconf 91' lang='lat' dir='ltr'>se</span> <span class='ocrx_word' id='word_1_208' title='bbox 722 2773 810 2840; x_wconf 85' lang='lat' dir='ltr'>fidem</span> <span class='ocrx_word' id='word_1_209' title='bbox 825 2775 942 2851; x_wconf 85' lang='lat' dir='ltr'>hebere,</span> <span class='ocrx_word' id='word_1_210' title='bbox 957 2777 1114 2838; x_wconf 83' lang='lat' dir='ltr'>exhibetur</span> 
     </span>
     <span class='ocr_line' id='line_1_25' title="bbox 157 2873 1179 2971; baseline 0.006 -39"><span class='ocrx_word' id='word_1_211' title='bbox 157 2878 193 2932; x_wconf 87' lang='lat' dir='ltr'>ut</span> <span class='ocrx_word' id='word_1_212' title='bbox 205 2873 237 2932; x_wconf 92' lang='lat' dir='ltr'>id</span> <span class='ocrx_word' id='word_1_213' title='bbox 249 2892 317 2934; x_wconf 83' lang='lat' dir='ltr'>vere</span> <span class='ocrx_word' id='word_1_214' title='bbox 330 2873 437 2934; x_wconf 83' lang='lat' dir='ltr'>dicens.</span> <span class='ocrx_word' id='word_1_215' title='bbox 479 2874 522 2935; x_wconf 83' lang='lat'>2⁰.</span> <span class='ocrx_word' id='word_1_216' title='bbox 544 2873 643 2934; x_wconf 88' lang='lat' dir='ltr'>Posito</span> <span class='ocrx_word' id='word_1_217' title='bbox 656 2893 742 2934; x_wconf 89' lang='lat' dir='ltr'>sensu</span> <span class='ocrx_word' id='word_1_218' title='bbox 751 2875 873 2953; x_wconf 78' lang='lat' dir='ltr'>objecto,</span> <span class='ocrx_word' id='word_1_219' title='bbox 887 2875 952 2936; x_wconf 88' lang='lat' dir='ltr'>loeo</span> <span class='ocrx_word' id='word_1_220' title='bbox 960 2878 1112 2938; x_wconf 83' lang='lat' dir='ltr'>verborum</span> <span class='ocrx_word' id='word_1_221' title='bbox 1177 2879 1179 2971; x_wconf 45' lang='lat' dir='ltr'>s</span> 
     </span>
     <span class='ocr_line' id='line_1_26' title="bbox 158 2971 1177 3056; baseline 0.006 -24"><span class='ocrx_word' id='word_1_222' title='bbox 158 2991 224 3050; x_wconf 85' lang='lat' dir='ltr'>quae</span> <span class='ocrx_word' id='word_1_223' title='bbox 239 2971 341 3033; x_wconf 82' lang='lat' dir='ltr'>stetim</span> <span class='ocrx_word' id='word_1_224' title='bbox 361 2973 517 3052; x_wconf 78' lang='lat' dir='ltr'>subjungit</span> <span class='ocrx_word' id='word_1_225' title='bbox 536 2974 704 3052; x_wconf 83' lang='lat' dir='ltr'>Apostolus,</span> <span class='ocrx_word' id='word_1_226' title='bbox 722 2975 895 3052; x_wconf 84' lang='lat' dir='ltr'>“numquid</span> <span class='ocrx_word' id='word_1_227' title='bbox 914 2977 1026 3054; x_wconf 84' lang='lat' dir='ltr'>poterit</span> <span class='ocrx_word' id='word_1_228' title='bbox 1041 2980 1112 3056; x_wconf 76' lang='lat' dir='ltr'>fidu</span> <span class='ocrx_word' id='word_1_229' title='bbox 1176 2993 1177 3045; x_wconf 66' lang='lat' dir='ltr'>t</span> 
     </span>
     <span class='ocr_line' id='line_1_27' title="bbox 157 3072 1176 3154; baseline 0.006 -23"><span class='ocrx_word' id='word_1_230' title='bbox 157 3072 269 3132; x_wconf 83' lang='lat' dir='ltr'>salvare</span> <span class='ocrx_word' id='word_1_231' title='bbox 293 3073 389 3147; x_wconf 88' lang='lat' dir='ltr'>eum,”</span> <span class='ocrx_word' id='word_1_232' title='bbox 414 3073 511 3137; x_wconf 88' lang='lat' dir='ltr'>dioere</span> <span class='ocrx_word' id='word_1_233' title='bbox 532 3073 643 3150; x_wconf 87' lang='lat' dir='ltr'>debuit,</span> <span class='ocrx_word' id='word_1_234' title='bbox 667 3075 839 3154; x_wconf 88' lang='lat' dir='ltr'>“numquid</span> <span class='ocrx_word' id='word_1_235' title='bbox 858 3076 972 3154; x_wconf 83' lang='lat' dir='ltr'>poterit</span> <span class='ocrx_word' id='word_1_236' title='bbox 981 3097 1057 3136; x_wconf 62' lang='lat' dir='ltr'>mna</span> <span class='ocrx_word' id='word_1_237' title='bbox 1071 3099 1110 3136; x_wconf 73' lang='lat' dir='ltr'>ec·</span> <span class='ocrx_word' id='word_1_238' title='bbox 1175 3077 1176 3121; x_wconf 67' lang='lat' dir='ltr'>i</span> 
     </span>
     <span class='ocr_line' id='line_1_28' title="bbox 157 3175 1110 3252; baseline 0.005 -18"><span class='ocrx_word' id='word_1_239' title='bbox 157 3179 237 3234; x_wconf 79' lang='lat' dir='ltr'>terno</span> <span class='ocrx_word' id='word_1_240' title='bbox 250 3175 389 3251; x_wconf 76' lang='lat' dir='ltr'>professio</span> <span class='ocrx_word' id='word_1_241' title='bbox 404 3176 479 3252; x_wconf 69' lang='lat' dir='ltr'>fides·</span> <span class='ocrx_word' id='word_1_242' title='bbox 501 3178 612 3238; x_wconf 84' lang='lat' dir='ltr'>solvere</span> <span class='ocrx_word' id='word_1_243' title='bbox 633 3178 726 3238; x_wconf 86' lang='lat' dir='ltr'>eem.”</span> <span class='ocrx_word' id='word_1_244' title='bbox 769 3177 811 3237; x_wconf 79' lang='lat'>3⁰.</span> <span class='ocrx_word' id='word_1_245' title='bbox 833 3177 915 3237; x_wconf 91' lang='lat' dir='ltr'>Idem</span> <span class='ocrx_word' id='word_1_246' title='bbox 939 3183 986 3238; x_wconf 85' lang='lat' dir='ltr'>est</span> <span class='ocrx_word' id='word_1_247' title='bbox 1011 3179 1044 3238; x_wconf 84' lang='lat' dir='ltr'>in</span> <span class='ocrx_word' id='word_1_248' title='bbox 1062 3179 1110 3238; x_wconf 87' lang='lat' dir='ltr'>hoo</span> 
     </span>
     <span class='ocr_line' id='line_1_29' title="bbox 156 3273 1108 3357; baseline 0.004 -25"><span class='ocrx_word' id='word_1_249' title='bbox 156 3292 230 3334; x_wconf 88' lang='lat' dir='ltr'>vers.</span> <span class='ocrx_word' id='word_1_250' title='bbox 252 3273 351 3334; x_wconf 78' lang='lat' dir='ltr'>dicens</span> <span class='ocrx_word' id='word_1_251' title='bbox 375 3274 439 3349; x_wconf 76' lang='lat' dir='ltr'>ille,=</span> <span class='ocrx_word' id='word_1_252' title='bbox 453 3275 489 3337; x_wconf 89' lang='lat' dir='ltr'>de</span> <span class='ocrx_word' id='word_1_253' title='bbox 503 3297 562 3356; x_wconf 91' lang='lat' dir='ltr'>quo</span> <span class='ocrx_word' id='word_1_254' title='bbox 575 3297 650 3339; x_wconf 86' lang='lat' dir='ltr'>vers.</span> <span class='ocrx_word' id='word_1_255' title='bbox 673 3277 846 3338; x_wconf 78' lang='lat' dir='ltr'>19:-“Tu</span> <span class='ocrx_word' id='word_1_256' title='bbox 859 3278 949 3338; x_wconf 75' lang='lat' dir='ltr'>orodis</span> <span class='ocrx_word' id='word_1_257' title='bbox 970 3275 1056 3357; x_wconf 86' lang='lat' dir='ltr'>[uon,</span> <span class='ocrx_word' id='word_1_258' title='bbox 1079 3283 1108 3338; x_wconf 87' lang='lat' dir='ltr'>tu</span> 
     </span>
     <span class='ocr_line' id='line_1_30' title="bbox 156 3373 1108 3456; baseline 0.005 -24"><span class='ocrx_word' id='word_1_259' title='bbox 156 3373 228 3434; x_wconf 87' lang='lat' dir='ltr'>diois</span> <span class='ocrx_word' id='word_1_260' title='bbox 248 3378 277 3434; x_wconf 90' lang='lat' dir='ltr'>te</span> <span class='ocrx_word' id='word_1_261' title='bbox 299 3373 430 3456; x_wconf 88' lang='lat' dir='ltr'>eredere]</span> <span class='ocrx_word' id='word_1_262' title='bbox 444 3377 582 3453; x_wconf 83' lang='lat' dir='ltr'>quoniam</span> <span class='ocrx_word' id='word_1_263' title='bbox 603 3396 680 3437; x_wconf 87' lang='lat' dir='ltr'>unus</span> <span class='ocrx_word' id='word_1_264' title='bbox 702 3381 746 3437; x_wconf 87' lang='lat' dir='ltr'>est</span> <span class='ocrx_word' id='word_1_265' title='bbox 770 3377 858 3449; x_wconf 84' lang='lat' dir='ltr'>Deus,</span> <span class='ocrx_word' id='word_1_266' title='bbox 880 3377 956 3438; x_wconf 87' lang='lat' dir='ltr'>bene</span> <span class='ocrx_word' id='word_1_267' title='bbox 975 3379 1064 3439; x_wconf 82' lang='lat' dir='ltr'>faeie:</span> <span class='ocrx_word' id='word_1_268' title='bbox 1082 3383 1108 3438; x_wconf 88' lang='lat' dir='ltr'>et</span> 
     </span>
     <span class='ocr_line' id='line_1_31' title="bbox 156 3473 467 3536; baseline 0.013 -4"><span class='ocrx_word' id='word_1_269' title='bbox 156 3473 301 3534; x_wconf 86' lang='lat' dir='ltr'>daemones</span> <span class='ocrx_word' id='word_1_270' title='bbox 315 3475 467 3536; x_wconf 88' lang='lat' dir='ltr'>eredunt.&#39;’</span> 
     </span>
    </p>

    <p class='ocr_par' dir='ltr' id='par_1_7' title="bbox 156 3575 1104 3754">
     <span class='ocr_line' id='line_1_32' title="bbox 202 3575 1104 3652; baseline 0.007 -20"><span class='ocrx_word' id='word_1_271' title='bbox 202 3577 250 3633; x_wconf 79' lang='lat'>62.</span> <span class='ocrx_word' id='word_1_272' title='bbox 287 3575 408 3652; x_wconf 68' lang='lat' dir='ltr'>Urpstsu</span> <span class='ocrx_word' id='word_1_273' title='bbox 429 3582 457 3651; x_wconf 81' lang='lat'>2,</span> <span class='ocrx_word' id='word_1_274' title='bbox 479 3596 516 3636; x_wconf 87' lang='lat' dir='ltr'>ex</span> <span class='ocrx_word' id='word_1_275' title='bbox 542 3596 617 3637; x_wconf 86' lang='lat' dir='ltr'>vers.</span> <span class='ocrx_word' id='word_1_276' title='bbox 645 3577 741 3636; x_wconf 83' lang='lat'>15-17</span> <span class='ocrx_word' id='word_1_277' title='bbox 757 3575 870 3636; x_wconf 77' lang='lat' dir='ltr'>t-“Si</span> <span class='ocrx_word' id='word_1_278' title='bbox 897 3578 999 3638; x_wconf 82' lang='lat' dir='ltr'>autem</span> <span class='ocrx_word' id='word_1_279' title='bbox 1021 3577 1104 3640; x_wconf 76' lang='lat' dir='ltr'>frater</span> 
     </span>
     <span class='ocr_line' id='line_1_33' title="bbox 156 3675 1104 3754; baseline 0.008 -25"><span class='ocrx_word' id='word_1_280' title='bbox 156 3675 187 3730; x_wconf 87' lang='lat' dir='ltr'>et</span> <span class='ocrx_word' id='word_1_281' title='bbox 211 3691 289 3730; x_wconf 85' lang='lat' dir='ltr'>soror</span> <span class='ocrx_word' id='word_1_282' title='bbox 310 3675 382 3734; x_wconf 91' lang='lat' dir='ltr'>nudi</span> <span class='ocrx_word' id='word_1_283' title='bbox 407 3676 476 3748; x_wconf 89' lang='lat' dir='ltr'>sint,</span> <span class='ocrx_word' id='word_1_284' title='bbox 503 3685 533 3735; x_wconf 90' lang='lat' dir='ltr'>et</span> <span class='ocrx_word' id='word_1_285' title='bbox 555 3675 706 3754; x_wconf 81' lang='lat' dir='ltr'>indigeant</span> <span class='ocrx_word' id='word_1_286' title='bbox 725 3676 808 3736; x_wconf 83' lang='lat' dir='ltr'>victu</span> <span class='ocrx_word' id='word_1_287' title='bbox 829 3675 1011 3754; x_wconf 85' lang='lat' dir='ltr'>quotidiano,</span> <span class='ocrx_word' id='word_1_288' title='bbox 1034 3679 1104 3740; x_wconf 78' lang='lat' dir='ltr'>diost</span> 
     </span>
    </p>
   </div>
   <div class='ocr_carea' id='block_1_3' title="bbox 0 0 1206 4292">
    <p class='ocr_par' dir='ltr' id='par_1_8' title="bbox 0 0 1206 4292">
     <span class='ocr_line' id='line_1_34' title="bbox 0 0 1206 4292; baseline 0 1"><span class='ocrx_word' id='word_1_289' title='bbox 0 0 1206 4292; x_wconf 95' lang='lat' dir='ltr'> </span> 
     </span>
    </p>
   </div>
  </div>
 </body>
</html>
