2410 4314
66 410 149 456 nise.
166 391 219 477 iu]
267 391 322 457 De
338 391 485 459 Stolidus
505 393 678 462 Humanae
692 395 846 462 Natum.
985 421 1023 482 19

65 678 170 740 Sncmo
183 679 338 740 Sauone:
358 681 492 742 Doctrina
506 681 655 744 Catbolabo
663 683 807 762 probatur
818 684 1021 763 etdcsendr'cor.

157 836 172 917 ξ
191 842 216 899 i.
237 839 284 898 De
297 843 374 900 statu
384 840 415 900 ia
429 861 481 920 quo
492 841 585 919 primi
591 853 724 920 parentes
738 843 844 904 conditi
856 864 906 905 aua
912 849 931 904 t.

67 999 113 1058 14.
135 996 308 1057 Prorosrmo
319 999 486 1060 I.·-Primi
497 1010 627 1077 paronio
639 1002 749 1062 saeima'ie
763 1004 843 1063 donis
857 1012 881 1062 ct
899 1004 1021 1081 corporis

144 1097 281 1158 ausimo
294 1099 375 1160 aucti
385 1110 457 1174 saar,
474 1119 575 1160 necnon
588 1111 613 1160 et
622 1101 721 1179 pratia
738 1103 940 1181 sanctificante.

104 1259 148 1314 15.
171 1255 314 1328 Quoniam
333 1277 431 1319 omnes
452 1258 581 1336 theologi
596 1259 740 1321 Catholici
764 1260 842 1322 inter
859 1281 889 1322 se
909 1261 945 1322 de
965 1261 1020 1322 hac

63 1355 261 1434 propositione
283 1356 481 1429 consentiunt,
505 1362 536 1418 et
561 1359 716 1434 rarissime,
741 1360 767 1420 si
787 1379 928 1439 unquam,
943 1361 1021 1422 inter

61 1456 129 1516 illos
143 1459 173 1516 et
187 1457 384 1518 Protestantes
398 1457 433 1518 de
446 1477 480 1518 ea
493 1457 579 1520 bodie
593 1463 727 1519 movetur
741 1459 944 1535 conboremia,
960 1478 1019 1520 non

63 1561 125 1616 tam
139 1557 366 1632 argumentando
377 1576 464 1635 quam
476 1558 634 1620 enarrando
644 1559 733 1620 verba
746 1559 894 1634 faciemus,
909 1579 943 1620 ea
954 1578 1020 1640 pro-

63 1657 189 1718 ferentes
202 1675 270 1734 quae
284 1677 302 1716 a
314 1655 457 1734 theologis
471 1656 665 1718 communiter
686 1658 734 1718 vel
757 1661 792 1720 at
811 1659 928 1719 omuino
941 1666 1020 1720 certa

63 1743 112 1814 sel
126 1760 161 1816 ut
173 1755 365 1834 probabiliora
378 1757 544 1819 traduntur.

107 1858 152 1914 16.
184 1857 211 1916 i.
242 1855 344 1928 Quoad
368 1876 495 1934 corpus:
530 1857 570 1931 1⁰,
596 1856 818 1918 “certissimum
842 1861 887 1920 est
912 1856 1020 1936 primos

62 1955 203 2028 homines,
218 1956 314 2034 quoad
327 1975 442 2016 omnem
454 1957 649 2018 membrorum
664 1956 863 2036 integritatem
877 1957 1019 2036 porrectos
1131 1990 1134 1999 ·

60 2055 152 2116 fuisse
166 2061 284 2132 creatos,
300 2056 332 2116 id
346 2061 400 2130 est,
425 2076 491 2117 cum
515 2058 650 2118 omnibus
673 2059 807 2138 partibus
821 2057 974 2136 organicis,
989 2061 1020 2118 et

60 2155 193 2216 sensibus
213 2155 348 2216 omnibus
371 2155 504 2230 internis,
530 2158 592 2218 sine
612 2158 674 2218 ullo
694 2159 812 2220 delectu
826 2157 875 2220 rel
894 2157 1018 2236 impedi·

63 2260 162 2317 mento
184 2257 221 2316 ad
244 2257 427 2336 operationes
452 2259 647 2320 membrorum
666 2263 699 2318 'et
727 2279 865 2320 sensuum
891 2258 1018 2336 perfecte

65 2356 249 2417 exercendas.
301 2357 349 2418 Ita
371 2357 483 2432 docent,
504 2357 553 2420 rel
575 2357 674 2436 potius
699 2363 733 2419 ut
746 2355 932 2418 manifestum
947 2376 1018 2435 sup-

65 2460 187 2534 ponunt,
198 2456 299 2516 Patres
310 2460 339 2516 et
353 2456 530 2534 Theologiet
539 2456 627 2518 ceteri
641 2455 793 2534 scriptores
805 2455 838 2516 iu
852 2455 1018 2518 Genesim.’'

65 2558 188 2626 Susum,
204 2575 250 2632 op.
264 2555 314 2615 cit.
324 2555 345 2616 l.
362 2560 389 2629 8,
405 2574 428 2615 o.
444 2562 472 2629 3,
487 2575 518 2616 n.
536 2560 563 2615 3.

107 2657 154 2716 17.
183 2655 227 2716 20.
260 2659 278 2687 ‘⁴
290 2653 373 2722 Circa
395 2655 551 2716 secundam
573 2655 779 2733 perfectionem
801 2641 956 2714 dicendum
976 2658 1020 2714 est

63 2754 171 2834 primos
184 2753 315 2816 homines
327 2753 498 2834 inperfecta
520 2759 614 2829 atate,
630 2758 660 2816 et
673 2753 765 2816 totius
785 2753 912 2832 corporis
925 2752 1017 2812 omni·

65 2875 174 2934 umque
186 2856 381 2916 membrorum
396 2859 551 2934 augmento
565 2859 761 2916 consummato
775 2854 864 2916 fuisse
878 2851 1017 2914 creatoe.”

66 2955 145 3015 Ibid.
165 2975 196 3016 n.
223 2959 250 3016 4.
301 2954 441 3022 Quaenam
465 2975 533 3015 vero
554 2954 646 3015 fuerit
669 2958 739 3015 aetas
760 2953 818 3016 ista
841 2953 1017 3030 disputetur.

67 3056 231 3116 Secundum
256 3055 380 3116 eundem
403 3058 551 3116 auctorem
566 3055 609 3134 (n.
625 3058 658 3132 6)
671 3047 857 3114 verisimilior
875 3050 1019 3114 sententio

66 3155 191 3216 affirmat
213 3155 360 3216 Adamum
391 3158 520 3216 creatum
542 3153 641 3214 'fuisse
665 3153 760 3232 qualis
783 3156 858 3213 esset
878 3170 1019 3212 annorum

66 3255 190 3334 triginta
212 3258 338 3334 quatuor
357 3253 425 3334 plus
445 3253 586 3314 minusve.
628 3253 782 3314 Rationem
802 3271 861 3330 qua
882 3251 1021 3312 suadetur

66 3355 130 3418 baec
144 3356 289 3416 sententia
301 3352 410 3414 ibidem
423 3352 533 3414 rideas.

110 3458 156 3514 le.
180 3454 222 3514 3⁰.
245 3454 360 3515 “Circa
379 3452 497 3514 tertiam
518 3449 722 3530 perlectionem
744 3451 779 3510 de
793 3451 1021 3528 temperamento

67 3558 97 3616 et
111 3554 300 3632 dispositione
314 3574 347 3614 ac
359 3551 580 3633 pulchritudine
593 3551 738 3630 corporis:
761 3548 912 3628 Imprimis
925 3567 1019 3608 assero

65 3653 174 3734 primos
186 3653 319 3716 hominos
331 3652 468 3716 babuisse
480 3671 615 3732 magnam
628 3656 659 3714 et
671 3652 896 3712 consummatam
909 3649 1018 3728 perfec·
