2424 4300
46 455 126 504 mse.
141 435 209 522 nu]
229 461 232 468 ⁴
258 439 313 504 De
331 439 452 506 Gratia
467 441 629 506 elevante:
649 435 798 525 positive.
953 459 994 523 99

83 606 170 665 *lla
193 604 319 676 Quidam
332 605 472 670 dixerunt
484 606 596 669 nullam
609 606 698 688 fuisse
717 604 830 666 homini
849 604 997 668 inuooanti

46 703 166 780 gratiam
179 705 323 767 actualem
341 707 533 770 neeessariam
554 707 591 768 ad
605 726 690 786 opera
704 693 842 767 salutaria
854 706 994 780 facienda,

47 804 95 864 sed
108 823 175 866 eum
197 804 250 866 illa
269 806 342 870 bene
363 812 501 886 praetere
523 806 651 888 potuisse
664 805 696 867 vi
715 805 815 884 gratioe
838 805 998 868 habitualis

48 923 105 982 qua
117 903 241 966 indutus
253 910 306 967 est
344 905 419 968 Hae
439 907 585 970 sententia
605 909 705 968 oontra
717 926 748 966 se
761 906 850 968 habet
869 925 996 968 eommu-

46 1026 111 1068 uem
133 1027 302 1069 eonsensum
325 1008 533 1089 theologorum,
559 1012 589 1070 et
611 1007 687 1068 mihi
708 1029 767 1069 non
790 1009 884 1069 solum
912 1010 997 1070 valde

46 1106 245 1187 improbabilis
258 1109 309 1170 sed
321 1109 438 1170 omnino
458 1111 531 1170 falsa
551 1130 613 1170 esse
626 1109 751 1170 videtur.
791 1109 878 1169 Ratio
892 1109 994 1184 danda,

46 1207 73 1268 d.
89 1213 116 1282 6,
131 1229 160 1268 n.
179 1208 225 1282 87,
242 1211 303 1283 tra,
319 1209 354 1270 de
376 1209 494 1270 homine
513 1210 595 1288 justo
619 1210 651 1270 in
672 1214 751 1270 statu
773 1210 853 1288 lapso
871 1210 919 1270 hio
939 1230 996 1269 non

44 1307 141 1370 minus
156 1312 248 1387 urget.

83 1410 172 1469 *lla
193 1409 326 1470 Seouuda
348 1409 493 1470 sententia
516 1429 615 1470 eorum
636 1413 681 1470 est
694 1409 747 1487 qui
760 1413 862 1470 tenent
874 1409 997 1485 gratiam

45 1507 250 1570 illustrationis
263 1529 314 1569 eeu
326 1507 494 1570 intellectus
514 1529 576 1570 esse
595 1509 785 1570 neeessariam
805 1513 835 1569 ot
854 1509 996 1570 sufficien-

44 1611 102 1669 tem
115 1628 122 1668 τ
138 1613 169 1670 et
181 1609 256 1670 ineo
271 1610 363 1688 (quod
376 1609 484 1670 attinet
497 1609 533 1670 ad
547 1608 672 1690 auxilia)
687 1608 805 1670 definite
815 1611 845 1669 et
858 1609 995 1669 essentia-

42 1709 111 1770 liter
124 1715 240 1789 ponunt
249 1709 402 1770 discrimen
415 1710 493 1771 iuter
503 1713 612 1770 statum
621 1709 802 1770 innocentem
814 1712 843 1770 et
856 1712 994 1780 nostrum,

44 1812 122 1888 quod
136 1811 174 1872 ad
187 1811 353 1872 salutariter
371 1805 548 1889 obstandum
568 1811 652 1871 uobis
672 1809 832 1871 necessaria
852 1809 890 1870 eit
903 1809 997 1887 gratia

43 1917 106 1971 tum
120 1912 282 1973 voluntatis
293 1915 358 1972 tum
367 1910 542 1984 intellectus,
552 1913 621 1972 dum
632 1911 799 1972 homiuibus
809 1911 840 1972 in
851 1911 902 1971 illo
916 1914 996 1972 stetu

42 2014 189 2074 sufficeret
207 2032 287 2073 mera
306 2011 400 2089 gratia
417 2011 622 2072 illustrationis
640 2033 708 2073 oum
731 2012 824 2090 gratia
841 2011 995 2073 habituali.

41 2113 115 2175 Haeo
130 2113 284 2188 sententia,
300 2132 365 2192 quae
379 2113 495 2174 omnino
506 2132 575 2173 sana
585 2116 628 2173 est
642 2117 672 2173 et
686 2113 784 2192 plures
797 2133 898 2189 graves
908 2113 997 2172 habet

41 2221 185 2287 auctores,
210 2215 337 2274 maxime
360 2212 468 2275 nititur
495 2216 664 2290 argumento
688 2232 747 2272 nou
770 2213 933 2285 temnendo,
959 2232 997 2272 ex

41 2315 159 2378 diverso
181 2314 266 2374 ruodo
286 2313 425 2392 loquendi
445 2333 532 2392 quem
555 2313 674 2374 adhibet
694 2313 725 2374 S.
746 2313 935 2373 Auuosrruus
955 2312 996 2371 lo-

40 2435 134 2494 quens
149 2415 185 2475 (le
197 2414 291 2492 gratia
303 2412 395 2474 nostri
409 2416 501 2475 status
514 2415 544 2475 et
557 2413 593 2474 (le
606 2413 700 2492 gratia
712 2415 806 2472 status
815 2410 996 2472 innocentia.

40 2516 181 2596 Loquens
194 2513 272 2574 enim
285 2514 321 2575 ‹le
339 2513 434 2592 gratia
453 2511 544 2592 priori
566 2511 699 2591 pluribus
718 2511 814 2580 utitur
831 2510 998 2570 nominibus

39 2635 106 2694 quae
121 2614 248 2694 gratiam
261 2613 421 2674 voluntatis
431 2613 603 2690 significant,
617 2631 740 2690 quorum
754 2631 791 2672 ne
805 2630 862 2671 uno
878 2611 997 2688 quidem

36 2716 138 2777 utitur
154 2715 275 2776 verbum
288 2713 396 2774 faciens
410 2713 445 2773 tle
454 2712 548 2790 gratia
562 2713 661 2772 altera.

77 2819 114 2876 *1
124 2821 173 2878 17.
189 2815 289 2876 Tertia
299 2815 414 2874 demum
426 2812 572 2874 sententia
581 2812 705 2872 affirmat
717 2809 840 2888 gratiam
851 2813 881 2870 et
891 2807 996 2870 volun·

35 2918 108 2979 tatis
133 2919 167 2978 et
186 2915 353 2976 intellectus
376 2933 435 2974 non
458 2913 555 2974 minue
580 2932 612 2972 ae
632 2910 714 2972 nobis
734 2910 922 2972 neeessariam
937 2931 997 2971 esse

34 3016 157 3080 homini
168 3015 324 3076 innocenti.
365 3013 529 3074 Discrimen
540 3033 607 3074 raro
620 3011 698 3074 inter
708 3015 860 3089 utramque
874 3009 997 3088 gratiam

34 3121 77 3181 sio
92 3122 213 3182 enarrat
225 3122 368 3189 Auronrr,
389 3134 415 3175 o.
427 3119 455 3189 2,
471 3134 497 3174 a.
514 3115 542 3188 4,
557 3114 572 3192 ξ
587 3117 687 3174 2:-“
698 3112 798 3173 Gratia
817 3109 997 3171 medicinalis

33 3219 155 3301 [gratia
177 3216 269 3278 nostri
291 3219 383 3276 status
403 3212 492 3293 lapsi]
512 3212 590 3274 ineo
610 3212 707 3273 differt
721 3211 845 3289 agretia
864 3211 996 3271 sanitatis

33 3319 155 3401 [gratia
182 3321 275 3378 statue
303 3311 503 3393 innocentiae]
526 3307 604 3391 quod
624 3310 718 3388 gratia
738 3310 917 3370 medicinalis
937 3331 995 3370 nou
1047 3313 1049 3318 '

31 3423 136 3484 solum
151 3419 281 3480 illustret
293 3416 486 3489 intellectum,
513 3417 543 3474 et
566 3415 660 3474 elevet
674 3433 706 3472 aa
720 3413 839 3490 adjuvet
858 3413 993 3473 voluuta-

30 3529 106 3596 tem,
131 3519 210 3581 sieut
229 3518 384 3597 prestabat
404 3515 498 3593 gratia
518 3512 660 3586 sanitatis,
683 3513 840 3573 sedetiam
861 3516 925 3572 tum
946 3512 993 3572 de-

29 3625 132 3706 pellat
167 3620 326 3682 casitatem
359 3622 389 3678 et
418 3636 542 3678 errorem
570 3613 683 3686 mentis,
719 3615 873 3676 evertendo
906 3613 993 3673 falsas

29 3727 170 3790 rationes
192 3743 264 3802 quae
297 3719 427 3798 suggerit
451 3717 543 3780 earnis
573 3717 735 3796 prudentia,
763 3723 792 3777 ot
815 3716 994 3794 suggerendo
