2402 4292
179 413 242 496 298
544 409 600 476 De
617 407 748 476 Grata.
974 411 1082 496 [naar.
1098 432 1144 477 ιι.

178 577 266 641 verba
289 593 380 655 genus
402 574 532 638 indicant
546 578 723 655 proximum,
744 576 776 635 in
795 595 857 653 qno
869 576 971 652 gratia
982 577 1149 637 habitualis

179 697 248 740 oum
261 676 368 738 actuali
381 675 534 737 convenit:
558 677 585 735 d.
602 680 628 749 l,
643 696 673 734 n.
692 679 718 748 1,
735 680 783 748 21,
799 681 851 738 27.

220 783 248 839 4.
270 777 386 838 Dicitur
412 778 537 850 eomodo,
571 781 808 853 “permanenter
830 776 984 836 iuberem
1004 777 1148 836 anima?

182 879 221 942 1⁰.
243 879 374 940 Inhoeret
386 877 499 951 animae,
515 881 552 937 ut
565 877 636 954 quid
648 877 675 934 ei
687 877 882 936 intrinsecum
896 897 1028 954 eamque
1040 879 1150 937 intime

178 977 312 1040 afficiens.
352 977 417 1037 Hoc
443 980 489 1036 ast
514 981 615 1036 contra
639 976 810 1047 Novatorea,
836 976 873 1034 de
894 996 1030 1053 quornm
1052 999 1150 1037 errore

84 1147 93 1168 ⁶
178 1077 236 1140 vid.
264 1075 475 1150 iul1·a‚n.40‚
502 1075 550 1138 87.
602 1076 646 1136 20.
668 1077 876 1134 Permanenter
895 1076 1031 1136 inheret
1043 1079 1147 1148 donec,

177 1181 295 1262 paoouto
315 1175 440 1240 mortali·
454 1175 587 1250 admisso,
609 1195 668 1255 quo
687 1175 749 1236 solo
769 1175 882 1254 expelli
902 1181 1016 1254 potat,
1041 1179 1148 1256 apel.

178 1277 399 1436 latiillratiam
418 1370 646 1434 sanctificantem
664 1374 695 1432 et
720 1371 912 1432 inherentem
933 1391 1002 1432 eme
1023 1377 1058 1434 et
1076 1394 1146 1453 per·

177 1477 343 1538 manantem
356 1472 509 1534 manifesto
524 1471 559 1532 de
572 1471 630 1531 fide
644 1475 695 1531 est
737 1472 794 1531 Sed
815 1472 931 1549 duplici
943 1475 1038 1534 ιιιοᾱο
1051 1476 1144 1536 inhe-

178 1595 241 1640 rere
255 1577 285 1638 et
299 1593 466 1655 parmanere
480 1573 594 1650 concipi
615 1577 720 1650 potest,
743 1573 793 1651 (i)
806 1577 843 1633 ut
855 1574 997 1634 accidens
1010 1583 1145 1636 creatm

177 1677 254 1742 reale
265 1695 316 1739 sau
329 1675 455 1754 qualitas
475 1673 537 1746 illa,
554 1693 641 1751 quam
655 1673 687 1731 in
701 1674 884 1733 naturalibus
908 1675 1040 1736 tabiano
1061 1699 1144 1738 roca·

177 1795 251 1840 mua.
291 1775 421 1838 Habitus
436 1774 584 1836 naturales
606 1772 780 1849 regulariter
805 1793 858 1850 per
885 1780 974 1834 actua
1001 1780 1144 1856 repetitos

177 1875 378 1957 acquiruntur.
420 1875 477 1946 sio,
494 1893 545 1951 per
558 1877 641 1932 aetus
654 1873 792 1950 repetitos
805 1875 837 1932 in
850 1878 1082 1951 operationibus
1094 1899 1143 1938 ns-

176 1975 320 2038 turalibus
333 1972 394 2035 aiva
403 1973 528 2051 corporis
538 1975 598 2032 aive
608 1973 715 2032 mentis
724 1973 895 2050 acquiritur,
907 1979 945 2036 nt
955 1979 1142 2054 experientia

177 2071 337 2134 universali
350 2075 453 2133 notum
477 2077 530 2149 est,
554 2072 680 2132 facilitas
703 2075 732 2132 et
756 2072 874 2147 agilitas
892 2075 1139 2152 adoperandum,

178 2171 266 2236 ctiam
279 2169 311 2232 in
325 2171 491 2234 hominibus
505 2173 613 2252 quibus
627 2172 807 2250 operationes
819 2173 888 2234 istoe
902 2179 993 2236 antea
1007 2179 1140 2238 difficiles

177 2279 208 2340 ut
220 2275 342 2354 ingratae
365 2275 507 2348 fuorunt3
528 2297 555 2337 v.
574 2297 602 2353 g,
621 2297 674 2354 par
694 2283 775 2336 actus
798 2279 939 2354 repetitos
963 2283 1138 2354 meditandi,

177 2374 322 2450 studendi,
338 2375 482 2450 contundi,
499 2376 634 2448 saltandi,
649 2378 699 2436 &c
740 2377 805 2435 Ista
828 2377 984 2440 facilitatis
1000 2384 1137 2461 'qualitas

176 2475 293 2540 habitus
306 2479 434 2536 vocatur.
475 2476 558 2535 Inter
571 2475 688 2534 habitus
709 2495 778 2535 vero
797 2480 946 2538 naturales
967 2486 999 2540 et
1020 2484 1138 2542 habitus

177 2575 410 2658 supernaturales
424 2575 481 2636 tria
501 2579 571 2637 sunt
585 2576 680 2654 capita
694 2577 905 2654 discrepantia.
951 2581 994 2640 1⁰.
1018 2583 1076 2642 Illi
1090 2588 1138 2643 aut

177 2677 321 2740 bonicias
336 2679 458 2756 possunt
477 2679 530 2736 aut
550 2676 729 2736 mallentin
744 2697 774 2737 se
787 2677 999 2754 indifferentes,
1016 2683 1051 2741 hi
1066 2703 1137 2744 aen-

177 2775 311 2858 parboni
335 2779 426 2836 sunt:
448 2774 492 2848 2⁰,
515 2773 562 2834 illi
585 2776 778 2852 acquiruntur
799 2777 832 2834 hi
856 2776 1071 2855 infunduntur,
1087 2802 1136 2842 neo

177 2873 235 2936 nisi
249 2893 299 2954 por
312 2872 488 2934 inlusionem
501 2874 602 2934 haberi
611 2879 749 2951 possunt:
773 2875 812 2946 3⁰,
829 2875 944 2934 illinon
956 2877 1031 2936 dant
1043 2880 1135 2940 facul·

177 2977 276 3048 tutem,
303 2991 388 3050 quam
413 2977 590 3050 supponunt,
614 2973 664 3033 sed
687 2974 758 3032 dant
781 2973 979 3047 facilitatem
1010 2979 1045 3036 hi
1068 2981 1136 3040 dant

178 3073 348 3134 tenultatem
373 3071 424 3150 (an
448 3073 614 3151 aliquando,
639 3093 691 3151 per
715 3092 744 3132 se
758 3077 788 3132 et
801 3073 863 3133 sine
887 3076 1002 3144 auxilio
1017 3081 1133 3150 actuali,

178 3172 377 3245 sufficientem,
400 3170 460 3231 vid.
485 3173 512 3232 d.
535 3177 563 3245 6,
588 3191 616 3231 n.
646 3173 706 3246 87),
735 3173 786 3233 sed
811 3192 870 3232 non
893 3178 1058 3236 necessario
1086 3197 1135 3238 neo

179 3293 291 3352 semper
305 3273 377 3332 dant
389 3270 568 3332 facilitatem.

219 3378 246 3434 6.
268 3373 327 3452 (ii).
349 3372 453 3432 Altero
474 3373 558 3431 modo
582 3371 695 3449 concipi
719 3375 815 3449 potest
834 3373 930 3449 gratia
949 3378 1134 3438 sanctificans

178 3473 318 3534 inhaerere
332 3477 361 3532 et
373 3492 547 3550 permanere,
568 3491 681 3548 nempe,
704 3471 793 3531 itaut
806 3472 882 3532 nihil
895 3474 978 3534 aliud
991 3477 1033 3536 sit
1046 3499 1129 3554 quon

182 3578 202 3609 “
213 3573 276 3651 ipsa
289 3573 382 3650 gratia
392 3571 524 3644 actualis,
541 3591 606 3650 quae
617 3571 732 3648 jugitur
746 3571 851 3632 influat
864 3573 895 3630 in
909 3574 1037 3634 animam
1048 3577 1129 3654 justi,

180 3693 300 3752 eamque
314 3673 465 3733 facundam
481 3671 611 3732 effleint”
628 3672 793 3748 (Pannona,
809 3692 838 3731 n.
855 3674 946 3754 tlss);
968 3695 1030 3752 seu,
1044 3677 1128 3738 motio
