2424 4300
211 437 270 500 160
586 429 642 494 Da
659 427 790 495 Gratia.
1006 429 1108 516 [mse.
1123 453 1161 496 vn.

204 619 257 678 per
269 597 458 676 cupiditatem
477 595 681 656 dominantem
724 597 843 673 Haejde
866 616 954 656 eausa
974 599 1162 656 autumarent

203 700 223 759 J
224 697 372 759 ansenieni
385 695 545 756 doctrinam
560 715 640 755 suom
654 695 775 755 minime
788 696 879 756 fuisse
892 717 945 774 per
959 697 1162 756 Tridentinum

108 797 118 822 '
204 818 341 859 oenonsm
361 796 394 856 in
415 797 577 856 Novatores
603 796 694 854 latum
717 796 918 874 proscriptam.
963 797 1023 856 Sed
1037 797 1161 866 frustm

205 899 362 960 rumonim
377 897 521 958 conclusio
536 897 635 957 eadem
650 897 699 970 sit,
715 916 820 975 parum
833 897 958 958 interest
969 918 1007 957 an
1022 898 1163 975 principis

206 1019 244 1060 ex
266 999 373 1077 quibus
395 997 525 1057 dimanat
543 997 656 1057 diversa
680 998 747 1068 sint,
775 1001 811 1058 ut
833 1002 915 1076 petet
937 1019 977 1058 ex
997 1003 1080 1071 noto,
1104 1019 1163 1076 que

205 1098 304 1158 inusta
317 1098 376 1158 fuit
388 1096 579 1174 propositioni
600 1117 693 1175 nuper
715 1097 816 1159 relatae
841 1096 913 1178 [23]
936 1099 1053 1176 Synodi
1075 1099 1162 1158 Pisto

206 1195 339 1257 riensis.''
382 1198 532 1269 Pnrnonn,
548 1216 577 1256 n.
594 1201 662 1255 160.

249 1299 294 1355 15.
313 1296 449 1355 Doctrina
466 1295 769 1356 Catholica—Oontra
781 1295 835 1356 hos
848 1316 946 1357 omnes
961 1316 1074 1357 errores
1088 1297 1163 1357 docet

207 1399 337 1460 doctrina
350 1400 498 1460 Catholioa
522 1405 540 1433 “
555 1401 594 1471 10,
609 1400 756 1461 hominem
769 1401 883 1478 lapsum
896 1421 980 1479 posse
995 1401 1061 1462 sine
1074 1403 1163 1480 gratis

206 1499 319 1577 aliquas
340 1498 449 1558 ordinis
473 1499 615 1558 naturalis
648 1499 786 1560 veritates
817 1520 996 1578 cognoscere,
1025 1506 1058 1562 et
1083 1522 1163 1580 opera

205 1600 309 1660 saltem
331 1598 462 1658 faciliora
496 1598 637 1658 naturalis
663 1600 824 1660 honestetis
856 1620 1003 1678 peragere,
1030 1602 1162 1679 levesque

207 1719 341 1778 superare
364 1699 546 1771 tentationes,
572 1719 605 1757 ao
628 1705 780 1776 propteroa
803 1719 861 1759 non
885 1701 982 1760 omnia
1001 1700 1161 1762 infidelium

207 1819 293 1878 opere
315 1797 435 1859 totidem
457 1819 517 1859 esso
540 1803 681 1875 peooata3
713 1800 756 1871 20,
788 1801 869 1860 Ante
891 1799 1079 1862 collationem
1100 1801 1161 1860 fidei

162 1913 163 1917 ’
208 1899 326 1961 eonoedi
347 1919 398 1959 seu
419 1898 512 1960 tribui
536 1917 553 1958 a
574 1900 636 1958 Deo
649 1898 757 1976 gratias
778 1900 961 1974 necessarias,
989 1901 1100 1980 quibus
1120 1902 1158 1960 in·

208 2001 336 2060 structus
349 1999 434 2058 homo
447 1999 545 2076 lapsus
557 1997 649 2075 possit
658 1997 818 2058 difficiliora
826 2019 912 2078 opera
924 2001 1043 2060 moralis
1058 2001 1159 2060 ordinis

209 2100 327 2172 efficere,
352 2103 382 2160 et
404 2117 506 2175 graves
526 2097 642 2159 vincere
666 2097 858 2174 tentationes3
890 2099 932 2174 30,
957 2100 1063 2159 Fidem
1084 2120 1158 2178 posse

180 2251 184 2260 .
209 2197 364 2258 subsistere
378 2199 440 2258 sine
454 2197 604 2272 charitate,
628 2217 661 2257 ee
680 2203 834 2276 propterea
853 2203 1035 2278 peecatorem
1050 2201 1157 2260 fidelem

189 2380 191 2384 .
209 2318 261 2377 per
274 2297 389 2376 gratiss,
405 2317 469 2376 quae
493 2297 550 2376 ipsi
563 2318 580 2357 a
593 2299 654 2358 Deo
670 2297 849 2371 tribuuntur,
874 2317 956 2377 posse
970 2319 1000 2360 se
1014 2300 1156 2378 disponere

210 2399 248 2458 ad
272 2397 509 2477 justificationem
540 2398 781 2474 recuperandam
814 2399 856 2472 40,
893 2399 1035 2464 Quamvis
1069 2403 1155 2459 auten

210 2518 304 2576 opera,
331 2517 396 2577 quse
419 2499 506 2558 fidem
534 2517 585 2557 seu
608 2496 677 2556 fidei
700 2497 879 2557 vocationem
903 2499 1084 2575 praeoedunt,
1107 2499 1157 2557 sint

210 2603 325 2660 tantum
345 2598 455 2658 ordinis
477 2596 619 2658 naturalis
642 2596 710 2674 (etsi
732 2616 791 2656 non
812 2598 919 2674 absque
939 2597 1039 2676 aliquo
1066 2598 1156 2675 gratie

211 2699 320 2759 auxilio
333 2699 470 2778 patrata),
485 2697 607 2774 ideoque
627 2695 738 2756 sterilia
751 2695 782 2755 in
795 2696 895 2756 ordine
908 2697 945 2756 ed
958 2698 1093 2770 salutem,
1108 2715 1157 2756 non

211 2804 308 2860 tamen
322 2801 440 2876 peecata
453 2817 533 2871 esse;
556 2797 595 2868 50,
609 2795 705 2854 Multo
727 2795 824 2856 minus
845 2797 970 2871 peccatis
990 2817 1053 2858 esse
1066 2815 1156 2858 areen-

212 2900 301 2958 sende
314 2917 399 2975 opera
413 2895 651 2975 supernaturalis,
666 2895 698 2953 id
711 2899 762 2968 est,
776 2914 841 2972 quae
851 2896 938 2956 fidem
951 2897 1159 2975 subsequuntur

213 3001 243 3057 et
264 2997 365 3073 gratioe
388 3015 474 3072 opera
495 2993 565 3055 sun't
582 2997 665 3072 parta
680 2999 866 3072 spectatore,
885 2997 1018 3072 quamvis
1039 2997 1158 3056 nondum

213 3097 272 3156 sint
285 3095 433 3156 meritoria
445 3097 477 3154 in
491 3095 590 3155 ordine
604 3094 745 3153 advitam
766 3099 912 3169 aeternam,
938 3100 1041 3174 utpote
1054 3101 1159 3176 patrata

213 3199 280 3256 onte
290 3193 561 3273 justificationem.’'
602 3193 688 3267 Idem,
704 3213 733 3253 n.
753 3197 816 3252 102.
