2410 4318
165 413 228 491 ast
530 415 587 493 De
603 417 736 494 uraca.
946 423 1054 519 [nter.
1072 443 1130 498 ur.

164 587 351 652 Ssnctomms
372 583 431 652 imo
453 605 513 652 uon
535 609 601 652 raro
621 591 709 654 iactu
730 594 804 656 suut
817 595 1029 658 conversiones
1048 597 1134 659 ruodo

162 689 247 750 valde
260 689 489 752 extraordinario
503 695 533 752 et
542 692 632 754 etiam
641 691 729 770 plane
741 693 931 757 mirsculoso.

214 795 279 853 104.
309 795 420 854 “Inter
441 799 603 874 peccatores
626 795 678 855 alii
701 797 812 873 smpius
836 801 869 858 et
890 797 1057 877 copiosius,
1083 799 1135 860 alii

161 891 255 952 rarius
268 896 298 954 et
307 893 422 972 parcius
435 895 558 972 gratiam
568 895 761 955 sufficientem
769 895 807 956 ad
818 898 1049 960 conversionem
1058 900 1133 960 aeci·

161 991 257 1070 piant,
280 998 368 1072 prout
390 983 473 1056 Deus'
487 996 554 1056 vult
577 1013 630 1056 sna
652 994 729 1054 boue
749 996 937 1058 distribuere.
979 999 1134 1060 Prsaterea

161 1091 241 1153 Deus
253 1093 366 1174 aliquos
385 1097 549 1174 peccatores
561 1095 733 1155 miraculose
746 1095 849 1173 privat
861 1097 926 1156 vita
939 1097 973 1156 in
986 1098 1131 1175 flagranti

162 1193 276 1269 debete,
298 1196 347 1256 vel
359 1197 505 1274 permittit
527 1199 562 1257 ut
584 1196 816 1258 interficiantur:
839 1198 912 1258 item
925 1199 1088 1276 permittit
1096 1203 1130 1260 ut

161 1293 253 1374 aliqui
274 1299 436 1374 peccatores
457 1296 558 1356 statim
579 1300 645 1374 post
664 1294 824 1356 admissum
847 1297 962 1357 crimen
973 1297 1012 1358 in
1027 1319 1128 1360 amen-

160 1393 232 1456 tiam
245 1400 416 1474 perpetuam
435 1389 575 1458 incidant.
617 1397 714 1465 Quare
737 1397 843 1476 loquor
856 1399 893 1458 de
905 1401 1125 1477 peccatoribus,

161 1496 213 1573 qui
226 1496 349 1556 notabili
368 1497 466 1575 aliquo
487 1503 615 1574 tempore
627 1501 694 1574 post
706 1501 860 1575 peecatum
873 1498 986 1558 vivunt
998 1501 1125 1560 rationis

160 1611 216 1654 usu
240 1595 387 1674 praediti.'’
406 1599 550 1670 Aurorae,
566 1598 622 1659 l.c.
636 1595 652 1676 5
667 1601 695 1658 2.
737 1599 811 1658 Haec
834 1597 934 1658 omnia
957 1618 1034 1658 veru
1054 1605 1123 1661 sunt

160 1693 196 1753 de
219 1697 415 1772 peccatoribus
436 1695 607 1774 simpliciter
626 1696 735 1758 talibus
755 1697 832 1756 sicut
853 1702 884 1758 ct
907 1697 944 1758 de
965 1700 1122 1760 obcaecatis

160 1795 190 1852 et
209 1795 366 1870 obduratis,
392 1815 459 1857 cum
481 1795 668 1858 distinetione
695 1799 794 1858 tamen
820 1796 901 1858 infra
932 1799 1118 1877 apponenda,

159 1911 188 1953 n.
207 1898 272 1955 109.

200 1999 266 2055 105.
288 1995 375 2059 Ratio
395 2000 493 2057 autem
517 1997 554 2057 ob
574 2017 670 2076 quam,
695 1996 751 2057 etsi
770 1996 974 2074 peecatoribus
988 2017 1113 2079 semper,

155 2099 278 2170 urgente
299 2088 450 2174 precepto,
474 2097 615 2157 tribuitur
636 2099 742 2173 gratia
764 2097 802 2156 ad
822 2097 901 2156 illud
925 2101 1111 2172 servendum,

155 2215 211 2256 non
226 2197 291 2258 ideo
305 2217 417 2275 semper
438 2199 580 2258 tribuitur
601 2199 694 2274 gratia
707 2198 743 2256 ad
757 2197 986 2272 couversionem,
1009 2205 1112 2278 pmter

154 2298 260 2373 datam,
274 2319 303 2360 n.
321 2305 386 2374 103,
401 2301 464 2360 baec
477 2300 534 2360 alia
547 2319 608 2359 esse
621 2300 752 2360 ridetur:
769 2298 839 2376 quia
848 2303 1031 2376 preceptum
1044 2319 1108 2360 eeu·

152 2399 301 2473 versionis,
331 2399 393 2460 sive
421 2419 473 2477 per
501 2399 705 2460 contritionem
734 2398 796 2458 sive
824 2417 877 2474 per
897 2404 1106 2459 recrementum

151 2498 346 2576 poenitentiae,
371 2519 430 2558 non
450 2517 563 2576 semper
582 2503 688 2574 urget3
710 2501 741 2558 et
754 2501 820 2574 post
833 2500 986 2574 peceatum
1001 2499 1104 2558 admis-

152 2616 215 2656 sum
228 2601 324 2675 potest
337 2598 485 2658 conversio
505 2598 616 2657 differri
630 2600 738 2674 absque
751 2615 826 2656 novo
839 2599 1103 2676 peccatu—quous·

152 2715 208 2774 que
221 2698 429 2774 disceptabitur
440 2697 473 2756 iu
487 2700 614 2757 tractatu
629 2698 664 2756 do
677 2695 866 2774 poenitentia.
1039 2759 1041 2762 ,

194 2800 258 2855 100.
281 2797 344 2857 ΙΙΙ.
364 2797 409 2856 De
423 2799 576 2858 excaecatis
589 2801 621 2858 et
635 2797 793 2869 obduratis,
810 2815 936 2872 quorum
950 2798 1046 2858 status
1058 2801 1101 2858 est

152 2893 281 2953 omnium
304 2897 335 2952 in
359 2896 413 2954 hec
436 2897 498 2955 vita
520 2896 710 2968 miserrimus,
735 2895 889 2954 intellectu
906 2914 960 2972 per
979 2915 1099 2956 exceca-

152 2993 260 3052 tionem
273 2992 433 3064 vulnerato,
449 2995 599 3054 voluntate
610 3015 663 3070 per
683 2994 911 3052 obdurationem.
954 2998 975 3028 ‘⁸
986 2995 1048 3054 Sita
1058 2999 1098 3054 est

153 3089 307 3152 excoecatio
327 3109 386 3149 non
409 3091 502 3150 solum
518 3094 551 3151 in
570 3093 756 3152 sabbacticae
777 3091 1094 3165 divinadiceebat,

153 3191 204 3252 sed
217 3189 304 3250 etiarn
316 3189 348 3249 iu
361 3190 600 3267 positiuajuds'cc's‘
606 3192 806 3268 perversione:
826 3191 905 3250 unde
918 3192 984 3251 hacc
997 3193 1050 3251 duc
1062 3193 1095 3252 ad

152 3290 234 3349 illem
246 3290 446 3368 requiruntur.
489 3291 545 3369 (a.)
566 3291 692 3351 Ratione
714 3290 819 3368 prioris
840 3291 884 3363 111,
910 3294 947 3350 ut
966 3291 1094 3350 salutaria

152 3407 212 3474 nou
224 3389 392 3466 intelligant
405 3390 454 3450 vel
466 3407 524 3448 non
538 3391 768 3468 apprehendant,
784 3390 886 3450 saltem
900 3409 934 3449 eo
946 3390 1029 3447 modo
1041 3409 1091 3466 quo

154 3494 222 3567 apta
235 3493 305 3550 sunt
317 3491 453 3552 affectum
467 3509 591 3552 movere.
632 3491 738 3570 Itaque
751 3509 845 3568 neque
855 3509 893 3550 ex
906 3491 1088 3563 concionibus,

153 3607 247 3666 neque
261 3598 298 3647 ex
313 3591 464 3668 colloquiis
481 3589 605 3668 pirrum,
620 3589 724 3668 [neque
739 3611 777 3650 ex
789 3590 912 3650 lectione
932 3609 1012 3649 secra
1021 3589 1087 3649 irua-

153 3690 219 3752 tum
228 3687 369 3749 referunt.
411 3689 465 3768 (b.)
487 3690 610 3752 ltotione
630 3689 798 3768 posterioris
810 3690 905 3764 fit,‚ut
918 3706 1045 3768 perverse
1057 3687 1085 3748 de
