2410 4314
165 350 205 412 66
538 341 593 409 De
611 341 740 409 Gratzia
955 344 1064 431 [uisu.
1082 370 1135 414 111.

164 513 228 572 sini.
271 513 314 572 2⁰.
344 511 450 571 Omnes
471 510 633 569 concedunt
656 530 723 570 eum
745 529 804 568 non
826 510 978 572 admisisse
999 515 1136 591 gratiam

164 609 392 671 sanctificantem
413 627 499 668 sensu
520 608 677 682 Catholicq
702 629 753 686 per
772 609 802 669 S.
819 597 962 687 Spiritum
986 613 1134 674 cordibus

163 710 270 772 nostris
297 709 440 782 diffusam,
469 708 611 787 nobisque
639 709 837 770 inhaerentem.
892 711 934 772 3⁰.
976 715 1033 772 An
1063 734 1135 774 vero

164 810 314 872 admiserit
340 809 464 888 gratiam
488 830 555 871 vere
576 809 756 871 habitualem
777 810 834 870 alio
856 811 984 888 quodam
1014 815 1135 874 ‘sensui

164 914 236 987 Alii,
252 914 448 985 attimacum,
464 913 622 985 Brutulus,
640 914 701 986 tra,
717 910 871 971 affirmant.
912 910 985 983 Alii,
1001 914 1043 970 ut
1057 912 1133 970 mihi

162 1011 288 1086 videtur,
304 1011 398 1072 multo
419 1002 596 1088 probabilius
615 1007 823 1087 negant--nisi
845 1008 943 1068 forsan
964 1007 1133 1087 aliquando
1188 1051 1189 1094 2

162 1114 249 1172 verbo
269 1116 355 1172 tenus
369 1111 405 1170 ad
425 1111 617 1170 illudendum.
667 1110 715 1168 lta
735 1109 856 1181 Sonans,
871 1107 1039 1185 Prolegom.
1059 1115 1089 1182 5,
1106 1130 1131 1170 c.
1188 1101 1189 1150 l

164 1217 190 1287 2,
207 1232 237 1270 n.
254 1218 281 1285 5,
297 1213 466 1284 Pounnata,
486 1213 536 1270 &a

206 1317 251 1371 19.
289 1313 332 1371 2⁰.
364 1311 428 1378 Quo
455 1331 541 1370 sensa
568 1309 663 1370 tenuit
690 1307 887 1368 remissionem
914 1309 1133 1385 peccatorem?
1188 1389 1189 1394 η

163 1414 248 1489 Reap.
269 1411 480 1472 convenienter
494 1431 559 1470 cum
570 1410 632 1488 jam
647 1409 741 1482 dictis,
753 1428 853 1468 censeo
867 1408 1054 1486 probabilius
1070 1430 1132 1470 esse
1188 1397 1189 1440 i

162 1532 228 1572 eum
242 1531 293 1589 per
307 1511 392 1571 istam
401 1509 600 1571 remissionem
610 1509 785 1586 significasse
793 1529 902 1568 meram
913 1509 1131 1572 extinctionem

162 1613 283 1690 peccati,
300 1613 409 1689 absque
422 1611 485 1670 ulla
498 1611 592 1687 gratia
606 1611 712 1670 infusa.
770 1611 842 1683 Ima,
859 1615 989 1689 spectato
1012 1612 1131 1690 Pelagii

164 1731 250 1771 sensu
271 1715 300 1770 et
314 1709 409 1768 animo
423 1729 490 1769 vcro
504 1713 534 1768 et
548 1707 675 1786 praecisis
694 1707 818 1768 flexibus
840 1709 903 1786 ejus
918 1709 1035 1782 dolosis,
1054 1711 1130 1768 mihi
1188 1765 1189 1788 χ

163 1811 248 1870 valde
266 1810 362 1888 placet
380 1810 458 1887 quod
477 1808 549 1868 dicit
564 1809 689 1883 Soanas,
705 1808 726 1868 l.
743 1829 767 1868 c.
789 1829 818 1868 n.
839 1813 855 1866 3
870 1814 940 1868 :—-“
950 1809 1000 1868 Ex
1015 1810 1129 1886 quibus
1188 1795 1189 1800 ἵ

164 1930 332 1988 persuasum
353 1929 464 1986 semper
487 1909 560 1967 mihi
581 1909 680 1981 habui,
697 1909 849 1984 Pelagium
872 1909 949 1968 nihil
970 1910 1068 1968 altius
1094 1912 1129 1970 de

164 2009 290 2068 humana
304 2011 417 2084 natura,
434 2008 481 2068 vel
496 2009 530 2068 de
546 2013 632 2080 statu,
647 2008 807 2068 virtutibus
821 2013 873 2069 aut
886 2009 1000 2068 actibus
1015 2011 1041 2088 ej
1048 2031 1085 2069 us
1098 2010 1129 2069 in

164 2111 217 2169 hae
241 2110 302 2170 vita
322 2111 469 2186 cogitasse,
486 2129 575 2187 quam
597 2110 633 2168 dc
655 2129 728 2188 pura
749 2109 876 2169 hominis
898 2113 1006 2168 natura
1027 2110 1127 2188 philo-

164 2211 271 2287 sophus
305 2209 448 2288 quispiam
476 2209 602 2286 gentilis,
628 2213 705 2268 recta
731 2210 843 2270 ratione
869 2213 966 2282 utens,
996 2209 1128 2286 cogitare

164 2311 321 2388 potuisset;
346 2309 476 2387 exceptis
497 2310 648 2368 nonnullis
670 2309 726 2368 Dei
747 2308 902 2382 beneficiis,
928 2309 981 2368 sub
1005 2309 1127 2386 quibus,

154 2411 310 2470 abutendo
324 2410 440 2469 nomine
454 2409 555 2486 gratiae
575 2413 604 2468 et
618 2409 756 2487 adjutorii
776 2409 879 2481 divini,
896 2428 1022 2469 errorem
1036 2429 1126 2470 suum

165 2511 337 2583 occultabat,
354 2515 388 2569 ut
401 2514 470 2569 sunt
482 2509 541 2582 lex,
557 2509 696 2569 revelatio
712 2529 763 2569 seu
777 2508 939 2568 doctrina.'’

205 2611 253 2666 20.
286 2607 327 2665 3⁰.
358 2607 517 2673 Quemnam
534 2605 669 2665 effectam
682 2605 825 2684 baptismo
840 2605 945 2666 tribuit
957 2606 1126 2684 Pelagius?

166 2706 308 2773 Quoniam
323 2710 473 2783 peccatum
487 2705 627 2782 originale
648 2704 764 2765 omnino
782 2704 910 2783 negavit,
925 2705 1035 2766 idcirco
1049 2707 1125 2766 affir-

166 2806 257 2866 mavit
270 2807 406 2883 parvulos
419 2805 566 2883 baptisari,
581 2825 637 2865 non
653 2806 689 2865 ad
702 2805 777 2866 illud
791 2809 943 2884 peccatum
956 2805 1123 2882 delendum,

166 2905 215 2966 sed
230 2911 263 2966 ut
276 2905 379 2964 darent
393 2905 523 2982 adoptivi
543 2905 599 2964 filii
620 2907 676 2966 Dei
690 2911 719 2967 et
732 2907 859 2967 haeredes
872 2905 954 2984 regni
972 2907 1124 2969 caelorum.

165 3005 270 3065 Adulti
284 3009 381 3085 autem
395 3006 518 3082 propriis
529 3004 640 3066 viribus
650 3007 834 3082 naturalibus
846 3006 931 3066 istam
940 3007 1125 3086 adoptionem

167 3099 223 3166 sibi
234 3125 397 3184 comparare
411 3109 544 3184 possunt.
575 3102 659 3167 'Alios
674 3127 782 3168 errores
791 3107 1015 3185 Pelagianorum
1026 3107 1125 3170 videas

167 3207 244 3284 apud
258 3207 417 3265 Persarum
430 3210 459 3264 et
474 3205 545 3265 alios
559 3211 697 3268 auctores.

207 3311 254 3366 21.
296 3307 340 3364 II.
381 3305 682 3384 Serraapelapicm'amaa.
717 3307 865 3374 Quomodo
886 3327 923 3366 ex
951 3307 1067 3386 scriptis
1095 3311 1122 3370 S.

167 3405 329 3483 Augustini
349 3409 450 3466 contra
464 3405 615 3482 Pelagium
634 3411 731 3466 ortum
743 3408 850 3467 habuit
872 3407 1123 3484 semipelagianis·

167 3526 240 3579 mus,
263 3506 362 3566 videas
382 3507 458 3584 apud
480 3506 601 3577 Susiana,
626 3506 738 3584 Proleg.
754 3512 780 3580 5,
801 3527 826 3568 c.
842 3511 868 3578 5,
884 3526 912 3566 n.
930 3511 965 3578 1;
991 3507 1044 3584 qni
1065 3507 1123 3567 late

167 3626 219 3684 per
241 3607 319 3668 istud
340 3611 369 3668 et
389 3626 512 3685 sequens
526 3609 615 3684 caput
635 3607 670 3676 de
683 3607 780 3668 indole
793 3607 881 3684 hujus
902 3607 1020 3667 haeresis
1041 3614 1071 3668 et
1090 3609 1124 3668 de
