2410 4314
71 425 157 472 orsa.
175 402 229 494 ru]
279 402 334 468 Dc
350 399 497 468 Slatibus
511 401 683 469 Humana
697 401 851 468 Naturae.
986 426 1021 470 21

71 567 1026 649 autempossenonmori,seoundumquemmodumprimushomo

73 673 189 730 oreatus
214 673 258 730 est
278 667 468 728 immortalis!
510 669 550 727 Et
573 668 650 728 infra
672 667 838 728 concludit:
876 668 1026 729 ‘Mortalis

71 790 141 848 ergo
156 773 218 830 erat
231 768 394 830 conditione
414 768 541 846 corporis
559 767 710 828 animalis:
733 767 907 828 immortalis
927 771 1026 828 autem

69 870 209 932 beneficio
223 867 398 930 conditoris.'
439 867 521 928 Dicit
534 872 634 928 autem
656 867 801 946 ‘corporis
820 867 975 943 animalis,’
990 872 1026 929 ut

70 969 321 1031 immortalitatem
335 967 462 1045 corporis
476 967 594 1044 gloriosi
608 967 774 1028 excludat.''

111 1071 179 1130 ⁹⁸21.
200 1069 279 1129 Mors
297 1067 408 1146 duplici
431 1067 515 1126 modo
538 1066 654 1127 evenire
675 1070 779 1147 potest,
801 1066 942 1128 violenter
955 1071 985 1128 ct
1008 1087 1026 1127 a

69 1194 157 1234 causa
179 1172 349 1246 extrinseca,
374 1191 402 1231 v.
420 1191 459 1248 g.,
482 1171 518 1231 ab
540 1171 625 1248 igue;
647 1171 820 1233 naturaliter
840 1175 870 1232 et
893 1191 911 1232 a
932 1171 1025 1232 causis

69 1273 243 1346 intrinsecis,
259 1291 323 1351 quar
337 1271 414 1332 vires
428 1269 553 1349 corporis
566 1271 671 1332 sensim
691 1275 853 1346 attenuant,
870 1291 1025 1350 earumque

70 1373 261 1435 defectionem
277 1376 307 1433 et
320 1376 442 1432 mortem
456 1371 581 1449 denique
601 1371 754 1434 inducunt.
796 1373 905 1432 Contra
917 1371 1024 1450 primas

69 1493 171 1536 causas
184 1472 358 1552 probabilior
380 1477 409 1532 et
432 1470 611 1532 communior
629 1471 774 1532 sententia
793 1471 865 1531 dicit
878 1471 1022 1530 Adamum

68 1577 168 1634 tutum
191 1593 251 1634 esse
276 1573 511 1643 conservandum,
534 1563 595 1631 non'
615 1590 667 1650 per
689 1571 818 1650 aliquam
840 1570 1024 1630 intrinsecam

69 1673 273 1752 dipositionem
293 1673 427 1750 corporis,
443 1691 503 1749 qua
522 1670 615 1730 omnis
634 1675 756 1732 externa
768 1670 813 1731 vis
826 1669 927 1730 nociva
940 1670 1024 1748 quasi

69 1773 295 1852 propulsaretur,
310 1774 360 1832 sed
373 1792 425 1850 per
445 1770 583 1832 eximiam
603 1771 695 1849 ipsius
709 1769 814 1830 adami
828 1769 1020 1848 prudentiam,

70 1875 229 1952 adjuvante
243 1873 359 1952 speciali
377 1872 431 1931 Dei
452 1870 643 1949 providentia,
666 1889 740 1948 quae,
760 1869 815 1930 etsi
836 1870 866 1929 in
881 1889 910 1930 ee
924 1888 1022 1948 super·

69 1974 221 2046 naturalis,
248 1973 337 2032 statui
361 1973 534 2032 innocentia
562 1975 637 2032 esset
659 1971 864 2030 connaturalis.
917 1970 1024 2031 Contra

67 2093 170 2134 causas
190 2073 295 2132 alteras
316 2072 456 2132 immunis
479 2073 706 2153 conservaretur,
728 2070 837 2149 partim
850 2089 907 2130 usu
921 2069 979 2130 cibi
993 2072 1023 2130 et

68 2173 155 2251 potus
176 2171 337 2233 communis
360 2170 413 2248 qui
433 2170 465 2230 in
485 2169 542 2231 isto
566 2173 645 2230 statu
666 2169 849 2230 saluberrimi
869 2172 975 2243 essent,
994 2174 1024 2230 et

69 2292 175 2352 corpus
188 2271 320 2352 quotidie
334 2270 445 2332 alerent
458 2255 491 2331 et
500 2269 652 2330 reficerent
672 2269 812 2342 mirifioe;
835 2269 942 2348 partim
956 2287 1023 2329 vero

69 2393 121 2433 esu
134 2372 246 2432 fruotds
259 2371 334 2448 ligni
348 2371 427 2444 vitea,
443 2372 504 2448 qui,
513 2369 709 2430 occasionibus
723 2370 807 2440 datis,
823 2369 899 2429 vires
912 2368 1023 2447 coporis

68 2471 365 2534 naturaliterdecursu
379 2470 518 2546 temporis
528 2469 681 2547 paullatim
692 2470 861 2530 deficientes
871 2473 1020 2541 recrearet,

69 2573 203 2649 illudque
225 2573 261 2631 ab
286 2569 365 2630 omni
385 2589 467 2630 naevo
487 2569 612 2630 liberum
638 2575 773 2644 servaret,
798 2570 887 2628 donea
911 2569 1024 2630 veniret

68 2677 194 2750 tempus,
210 2692 227 2730 a
242 2673 303 2730 Deo
314 2669 500 2748 praefinitum,
512 2689 579 2747 quo,
595 2669 749 2730 terminato
763 2669 817 2729 vias
830 2689 925 2743 cursu,
938 2669 1023 2730 rivus

69 2777 101 2836 in
123 2776 267 2836 caelestem
289 2775 414 2853 patriam
442 2778 602 2852 raperetur.
655 2775 699 2834 De
717 2774 764 2833 his
784 2774 919 2835 videatur
945 2775 1022 2834 idem

69 2881 172 2935 auctor
184 2876 292 2935 ibidem
306 2875 364 2934 late
378 2874 527 2933 disserens.

110 2979 157 3034 22.
180 2975 223 3035 50.
247 2974 331 3041 Quod
351 2973 383 3032 in
398 2973 461 3051 jam
484 2973 569 3033 dictis
590 2972 659 3032 eatis
680 2972 842 3032 includitur
863 2978 892 3034 et
912 2973 1023 3050 signifi*

69 3079 160 3148 catur,
176 3078 392 3153 protoparentes
414 3075 450 3132 ab
475 3073 553 3132 omni
573 3074 671 3133 morbo
692 3073 836 3133 immunes
850 3078 932 3134 erant
945 3079 974 3136 et
988 3076 1023 3136 ab

68 3173 148 3234 omni
170 3173 267 3246 dolore
287 3177 317 3233 et
340 3175 471 3234 cruciatu
485 3193 502 3232 a
516 3174 599 3247 fame,
616 3172 666 3234 siti
688 3176 741 3234 aut
763 3173 820 3233 alia
841 3193 1024 3254 quacumque

68 3293 158 3334 causa
172 3273 352 3334 deveniente.

108 3373 242 3434 aa-II.
267 3372 368 3440 Quoad
392 3373 467 3432 dona
490 3370 605 3434 aoimae.
651 3373 690 3437 10.
715 3372 757 3436 De
779 3373 875 3450 gratia
896 3373 1022 3434 sanctifi·

68 3479 162 3547 cante,
178 3473 210 3532 in
224 3472 385 3552 quaerenti
409 3476 478 3533 sunt
499 3469 735 3551 protoparentes,
749 3473 820 3542 eatis
842 3473 1022 3548 dictumest,

68 3595 97 3634 n.
115 3578 162 3633 12.
179 3574 289 3633 *Haud
303 3573 388 3652 pauci
402 3573 502 3634 Patres
515 3574 604 3632 verba
617 3573 712 3633 (lenes
735 3553 764 3631 is
775 3578 811 3630 26
827 3573 862 3650 (“
874 3575 1024 3634 Faciamus

71 3673 220 3734 hominem
242 3673 279 3732 ad
302 3671 456 3751 imaginem
480 3676 510 3734 et
531 3671 750 3734 similitudinem
785 3671 967 3752 nostram''),
982 3673 1025 3733 ita
