2424 4300
149 384 208 447 106
514 378 571 443 De
584 377 714 444 Grato.
936 381 1038 465 [nrsr.
1056 403 1107 447 w.

143 549 198 606 hoo
219 547 254 606 de
274 545 332 604 fide
352 547 397 604 ert
417 547 540 622 gratiam
560 565 620 604 esse
641 545 846 617 necessariam
868 546 910 618 3⁰,
933 565 971 606 ex
991 548 1108 607 motivo

144 649 264 707 honesto
290 645 434 718 naturali;
470 649 500 704 et
533 646 569 704 de
605 646 660 704 hac
696 645 861 706 resistentia
894 646 1019 722 quaestio
1054 648 1107 706 hio

144 751 198 809 est.

186 853 233 907 14.
254 847 390 907 Potentia
410 847 445 904 ad
467 847 636 906 servandam
650 845 752 922 legem,
769 847 819 906 rel
831 847 921 906 ardua
941 847 1007 924 ejus
1028 867 1107 925 pras·

144 954 226 1027 cepta
236 947 429 1025 exsequenda,
442 951 486 1006 est
496 947 543 1006 vel
553 945 675 1024 physica
683 965 744 1016 seu,
754 949 789 1006 ut
799 946 916 1024 quidam
926 946 1104 1024 loquuntur,

144 1051 315 1110 antecedens
329 1068 382 1108 seu
395 1048 427 1106 in
441 1067 526 1107 sensu
541 1047 643 1120 diviso,
658 1047 707 1107 vel
720 1047 838 1106 moralis
852 1067 904 1106 seu
923 1067 1107 1124 consequens

144 1170 195 1208 sen
208 1153 240 1208 in
254 1167 339 1209 sensu
353 1148 520 1225 composito.
561 1145 699 1206 Potentia
706 1147 828 1224 physica
842 1150 895 1218 est,
905 1167 972 1206 oum
988 1153 1105 1226 specta·

144 1255 192 1308 tur
204 1250 253 1308 lex
267 1269 305 1308 ex
318 1268 378 1306 una
391 1250 481 1324 parte,
497 1265 563 1305 oum
584 1246 756 1306 difficultate
770 1266 823 1306 sua
836 1247 1003 1322 intrinseca,
1019 1253 1052 1308 et
1066 1269 1106 1308 ex

144 1350 236 1408 altera
255 1351 337 1426 parte
351 1349 519 1424 spectantur
532 1345 608 1406 vires
621 1350 727 1405 nostrae
743 1347 900 1420 naturales,
915 1347 1024 1424 quibus
1045 1347 1106 1408 ista

143 1451 202 1509 sola
215 1449 370 1508 difficultas
389 1451 551 1524 superetur,
566 1446 700 1524 sepositis
720 1447 787 1506 aliis
801 1447 1025 1510 difficultatibus
1047 1469 1105 1510 ex·

143 1549 285 1621 trinseoia,
294 1568 320 1608 v.
333 1567 361 1623 g.
372 1567 410 1606 ex
425 1549 504 1606 statu
518 1547 638 1624 peccati,
655 1546 830 1606 aversionea
843 1547 926 1621 bono,
937 1549 1104 1609 tentatione

143 1649 316 1708 daemonum.
357 1645 478 1706 Moralis
500 1649 544 1706 est
564 1647 702 1723 potentia,
718 1665 784 1706 cum
804 1647 850 1706 hae
870 1647 1103 1709 circumstantie

142 1749 370 1808 considerantur.
413 1746 503 1806 Scau.
519 1765 549 1804 n.
567 1750 633 1805 128.
678 1747 752 1806 “Ut
764 1746 878 1825 aliquid
897 1746 936 1807 sit
952 1748 1104 1808 moraliter
1194 1737 1195 1748 ¹

140 1847 318 1925 impossibile
332 1847 390 1905 duo
403 1845 604 1922 requiruntur,
619 1863 673 1906 nec
685 1864 778 1906 unum
793 1845 856 1906 sine
870 1846 961 1906 altero
975 1848 1102 1921 sufficit3

140 1947 261 2019 scilicet,
277 1947 354 2024 quod
367 1945 443 2006 illud
463 1963 624 2028 numquam
637 1945 728 2005 fuerit
747 1945 796 2006 vel
816 1946 949 2006 futurum
969 1945 1019 2020 sit,
1041 1947 1102 2007 imo

139 2067 192 2106 nec
205 2047 339 2106 rideatur
352 2045 490 2106 futurum
504 2045 558 2104 sub
572 2045 746 2116 conditione,
761 2045 794 2104 in
808 2047 863 2105 hae
876 2046 924 2106 rel
939 2045 997 2106 alia
1008 2045 1101 2106 simili

137 2143 310 2222 hypothesi;
333 2147 363 2204 et
376 2147 515 2221 praeterea
528 2144 603 2220 quod
618 2144 673 2203 hoe
686 2144 785 2222 ipsum
798 2145 910 2205 oriatur
924 2165 962 2205 ex
982 2165 1101 2205 summa

138 2243 317 2316 difficultate,
333 2263 420 2322 quam
443 2245 588 2320 oporteret
605 2243 722 2304 vincere
743 2245 777 2304 ad
799 2245 964 2322 ponendum
987 2245 1098 2306 illud.’'

137 2345 231 2416 Luae,
245 2345 281 2404 de
295 2345 445 2404 Incarnat.
461 2345 488 2402 d.
504 2349 532 2416 2,
550 2363 579 2402 n.
599 2349 645 2404 14.

179 2447 225 2504 15.
247 2444 383 2504 Potentia
396 2464 463 2521 ergo
477 2443 599 2521 physica
611 2443 765 2506 resistendi
783 2445 939 2506 tentationi
953 2449 1007 2519 est,
1025 2465 1093 2506 aum

136 2563 174 2604 ex
197 2544 289 2604 altera
311 2550 394 2621 parte
419 2547 567 2621 spectatur
588 2544 711 2604 tentatio
734 2548 769 2604 ut
793 2546 855 2623 jam
878 2565 930 2604 sua
948 2546 1096 2622 gravitate

136 2665 252 2722 urgens,
266 2665 302 2705 ex
317 2647 408 2705 altera
422 2665 489 2705 vero
504 2649 673 2722 spectantur
687 2646 763 2706 vires
777 2653 882 2706 nostrae
896 2647 1047 2706 naturales
1061 2649 1097 2706 ad

136 2745 222 2806 istam
243 2746 416 2822 gravitatem
438 2747 639 2823 superandam,
656 2747 790 2824 sepositis
814 2747 879 2808 aliis
902 2747 1097 2824 gravitatibus

136 2848 319 2908 extrinsecis.
369 2847 490 2906 Moralis
505 2855 548 2906 est
562 2847 702 2925 potentia,
718 2867 784 2908 cum
797 2849 902 2908 harum
915 2848 1095 2925 gravitatum

136 2947 211 3006 ratio
226 2948 361 3004 habetur.

180 3051 224 3104 16.
258 3045 357 3104 Sermo
380 3050 423 3104 est
446 3045 493 3103 hie
516 3046 551 3103 de
574 3045 633 3104 solo
655 3045 772 3104 homine
792 3046 891 3123 lapso:
914 3066 943 3104 n.
968 3052 994 3106 9.
1038 3049 1095 3107 Sed

137 3145 274 3224 quoniam
287 3164 339 3202 noa
354 3164 451 3202 omnes
465 3143 571 3202 Adami
584 3145 639 3202 filii
653 3145 726 3222 lapsi
738 3165 847 3219 sumna,
864 3147 985 3224 spectari
999 3151 1095 3224 potest

136 3247 221 3304 homo
246 3245 283 3317 10,
299 3248 334 3302 ut
353 3264 426 3320 pure
439 3245 537 3320 lapsus
550 3243 581 3302 in
601 3244 724 3318 Adamo,
742 3264 808 3304 eum
824 3246 958 3322 originali
976 3251 1094 3322 peccato

137 3345 187 3404 sed
201 3344 263 3403 sine
276 3343 402 3418 actuali;
417 3323 470 3402 vel
480 3343 521 3414 2⁰,
537 3343 647 3404 habens
657 3347 687 3404 et
702 3344 842 3421 originale
856 3349 886 3406 ct
899 3345 1030 3419 actuale;
1046 3347 1093 3406 vel

140 3445 182 3516 3⁰,
198 3443 293 3502 fidelis
305 3443 471 3521 baptizatus
490 3445 633 3521 peccator,
649 3446 679 3502 et
692 3463 760 3520 ergo
773 3445 883 3504 habena
903 3445 1015 3504 actuale
1032 3445 1093 3506 aine

138 3542 273 3618 originali
281 3564 289 3616 ;
304 3544 354 3603 vel
367 3544 410 3617 4⁰,
420 3542 516 3604 fidelis
525 3543 626 3622 justus
637 3543 689 3622 qui
698 3564 750 3623 neo
761 3543 901 3622 originale
912 3563 965 3605 nec
979 3545 1093 3605 actuale

138 3661 226 3721 grave
239 3643 336 3704 habet.
