2410 4318
181 367 243 442 248
555 358 612 433 De
630 368 769 434 Gratia.
983 357 1079 452 [mse.
1093 381 1150 426 rm.

181 550 218 590 ex
229 529 289 588 illis
298 531 421 592 voluerit
436 533 570 594 adhibere
583 541 699 611 potest3
720 556 792 594 cum
806 555 897 607 vero,
913 554 955 594 ex
970 534 1062 592 alters
1070 540 1147 608 parte.

179 635 209 688 et
229 630 282 688 hoe
302 634 470 708 presertim,
491 635 575 692 nulle
597 638 637 693 sit
658 636 690 693 in
711 636 780 693 istis
802 637 964 707 textibus
990 653 1027 692 ne
1043 631 1149 692 minim

178 729 306 806 quidem,
322 734 518 809 pruemotionis
532 735 661 812 physiese
676 734 876 810 significatio.

239 841 286 894 34.
309 838 352 896 2⁰.
375 839 432 898 Sed
452 843 568 898 tantum
588 841 670 898 abest
690 840 779 899 utin
800 840 876 899 istis
892 840 1037 899 textibus
1051 836 1148 913 signifi·
1185 791 1186 866 i

179 934 261 990 cetur
279 934 539 1010 prudeterminatio
559 934 620 1008 illa,
644 939 680 996 ut
699 956 754 996 nee
776 938 870 996 etiam
887 937 1086 1014 significetur
1098 933 1148 1009 ipsu

178 1032 271 1106 gratia
290 1033 400 1108 efficax,
423 1035 532 1112 deque
552 1036 613 1094 sola
633 1036 681 1095 hin
696 1037 822 1114 quaestio
844 1043 904 1108 est,
928 1038 1035 1111 gratis
1049 1036 1148 1095 seilicet

177 1150 236 1207 qun
248 1133 378 1192 homines
391 1135 485 1212 adjuti
498 1141 638 1212 proestant
648 1156 735 1212 opera
743 1137 902 1196 salutaria.
945 1139 1010 1209 sio,
1026 1137 1061 1194 in
1071 1135 1146 1194 Esth.

178 1231 357 1306 significatur
379 1235 526 1294 decretum
540 1235 596 1294 Dei
615 1235 758 1312 eripiendi
771 1237 791 1295 J
792 1237 896 1295 udaeos
918 1257 960 1296 ex
978 1238 1073 1294 ruina
1087 1233 1147 1310 ipsis

177 1331 213 1388 ab
225 1335 320 1390 Amen
336 1339 444 1410 perata.
475 1335 512 1393 In
528 1335 597 1394 Isai.
611 1335 794 1410 significetur
808 1336 990 1394 infallibilis
1006 1334 1147 1395 certitudo
1186 1399 1187 1426 1

176 1453 235 1510 qun
248 1453 282 1494 ea
295 1434 367 1516 fient
378 1455 442 1513 quoe
457 1441 597 1496 eventura
607 1457 668 1496 esse
681 1437 817 1514 praedieit
832 1440 918 1496 Deus
931 1443 1013 1496 :—“
1023 1439 1146 1496 Annun-

176 1534 253 1592 tinns
276 1535 312 1594 eb
334 1535 451 1594 exordio
475 1536 673 1610 novissimum,
700 1541 731 1596 et
750 1538 786 1596 eb
811 1537 899 1595 initio
926 1556 1001 1613 quae
1023 1536 1146 1596 nendum

175 1623 252 1694 ibeta
275 1640 353 1708 suut,
381 1636 499 1698 dicens:
531 1638 691 1697 Consilium
717 1657 818 1698 meum
845 1637 973 1711 stabit,”
1009 1640 1063 1698 &e
1105 1638 1143 1696 De

176 1734 261 1794 Rom.
275 1735 317 1794 ix.
332 1736 399 1795 ride
414 1738 541 1814 suprad.
555 1741 583 1808 7,
595 1757 624 1796 n.
643 1740 689 1798 79.
830 1813 832 1818 Ι

238 1840 595 1917 35.11.Ar9umentatur
619 1861 657 1902 ex
677 1841 810 1902 textibus
836 1841 868 1900 in
892 1841 1010 1918 quibus
1034 1844 1142 1902 dicitnr

176 1939 256 1998 Deus
276 1941 396 2013 trahere,
413 1947 533 2015 vertere,
557 1945 733 2013 convertere,
756 1942 923 2014 immutare,
952 1943 1076 2018 aperire
1098 1961 1141 2000 eor
1187 2009 1188 2014 ἵ

176 2039 319 2098 hominis:
342 2039 426 2100 Joen.
438 2041 479 2100 vi.
495 2047 552 2115 443
579 2046 588 2098 l
605 2043 676 2117 Reg.
689 2061 721 2102 x.
738 2046 773 2113 93
790 2042 875 2100 Esth.
891 2043 956 2100 xiv.
974 2045 1035 2113 15;
1052 2044 1137 2100 Pror.

176 2139 239 2196 xxi.
263 2143 296 2212 13
327 2141 496 2201 2Maehnb.
522 2141 542 2200 i.
559 2146 576 2199 4
585 2162 592 2213 3
618 2145 684 2202 Aet.
709 2141 772 2199 xvi.
797 2144 843 2200 14.
883 2141 972 2216 Resp.
996 2142 1071 2202 Nou
1099 2147 1138 2200 est

176 2259 249 2316 opus
261 2242 350 2299 verba
370 2246 506 2301 textuum
527 2242 704 2302 exscribere:
726 2261 844 2319 prorsus
864 2242 944 2301 enim
959 2243 1083 2302 nullum
1097 2252 1136 2302 est

176 2344 379 2415 argumentum
393 2360 431 2399 ex
445 2341 481 2400 iis
494 2342 639 2400 eductum.
680 2343 719 2400 In
733 2341 866 2400 textibus
880 2341 959 2400 enim
975 2363 1015 2402 ex
1034 2349 1048 2401 l
1063 2345 1131 2417 Reg.

176 2447 206 2497 et
226 2441 307 2499 Esth.
332 2447 362 2499 et
384 2441 454 2499 satis
477 2441 665 2518 probabititer
688 2442 773 2500 Prov.
800 2459 861 2500 non
883 2445 929 2500 est
950 2445 1081 2518 quaestio
1101 2444 1133 2500 de

176 2540 277 2615 gratia,
293 2540 397 2599 saltem
411 2541 446 2600 de
460 2560 494 2599 ea
507 2541 601 2617 grstia
616 2542 650 2599 de
664 2561 722 2618 qun
734 2541 790 2600 hic.
832 2542 878 2601 De
892 2546 982 2600 textu
997 2561 1038 2601 ex
1051 2545 1130 2602 Joau.

176 2641 214 2698 vi.
229 2641 286 2700 rid.
302 2642 328 2700 d.
346 2643 372 2714 7,
389 2661 417 2702 n.
436 2647 482 2700 34.
512 2641 693 2718 Principium
708 2641 958 2718 interpretationis
973 2642 1018 2701 ibi
1033 2644 1130 2702 datum

176 2742 262 2800 facile
282 2744 318 2801 ud
339 2747 447 2802 eeteros
468 2747 568 2802 textus
587 2743 794 2804 accommodari
807 2747 911 2818 potest.
952 2742 1023 2801 Non
1039 2745 1128 2802 solum

178 2844 255 2902 enim
270 2847 301 2901 in
315 2846 434 2903 materia
446 2846 480 2904 de
491 2845 593 2920 grstia,
608 2847 657 2904 sed
668 2846 700 2902 in
711 2845 775 2903 eliis
788 2845 928 2914 materiis,
941 2865 992 2903 eor
1005 2846 1129 2904 hominis

177 2946 209 3004 in
230 2947 285 3003 hoo
306 2947 355 3004 vel
374 2948 450 3005 illud
473 2949 558 3023 trahi,
580 2949 664 3020 verti,
690 2949 740 3006 &e
764 2951 860 3022 potest
873 2946 963 3003 variis
988 2947 1083 3006 modis
1102 2953 1127 3005 et

177 3044 289 3103 mediis.
331 3045 372 3103 Et
384 3052 419 3104 ut
432 3047 567 3105 sistamus
586 3047 618 3104 in
632 3045 752 3104 materis
765 3046 800 3104 de
814 3043 916 3120 gratia,
939 3045 1024 3104 Deus
1037 3053 1127 3122 potest

178 3167 226 3206 cor
247 3151 387 3206 creaturae
410 3149 532 3221 trahere,
550 3151 600 3215 tre.
614 3149 663 3208 vel
677 3150 771 3224 gretia
784 3145 986 3220 necessitante‚
1012 3154 1049 3207 ut
1062 3147 1125 3206 facit

178 3268 244 3307 eum
264 3248 356 3308 beatis
376 3248 408 3306 in
430 3248 510 3320 eoelo,
533 3249 581 3308 vel
601 3248 787 3325 praemotione
807 3245 928 3323 physica
953 3251 1007 3305 aut
1029 3247 1124 3306 moreti

178 3349 283 3425 (nnita
297 3353 409 3408 servata
428 3347 572 3419 libertate,
592 3347 652 3418 ¹alie
671 3351 714 3406 est
728 3345 858 3423 quaestio,
874 3346 909 3403 de
924 3364 984 3422 que
997 3346 1082 3418 infru,
1096 3365 1121 3404 n.

177 3454 226 3520 44,
250 3449 326 3526 tre),
352 3450 401 3508 vel
422 3449 487 3507 aliis
507 3449 609 3507 modis.
649 3447 777 3505 Dicendo
799 3465 865 3522 ergo
886 3446 984 3504 Deum
1003 3448 1118 3518 trahere,

178 3549 239 3618 be,
265 3548 445 3622 significatur
467 3548 584 3625 quidem
608 3545 716 3623 effecum
737 3547 846 3624 (Deum
860 3545 992 3623 trabere),
1021 3548 1072 3605 sed
1090 3549 1119 3604 de

176 3643 252 3702 ruodo
267 3663 324 3720 quo
338 3646 429 3705 trahit
441 3645 517 3704 nihil
530 3643 808 3722 significetur-nisi
826 3643 923 3701 forsan
939 3641 972 3700 in
986 3649 1117 3703 contextu
