2424 4300
555 398 618 488 Dc·
636 423 766 492 Grotro.
996 431 1099 520 [nrsr.
1115 457 1143 499 v,

385 671 401 751 §
417 677 444 731 2.
475 672 619 732 Probatur
632 673 772 732 Doctrina
791 674 942 737 C'otlroto'ro.

186 837 232 892 69.
255 833 438 893 Prorosrrro.
479 831 545 890 Noa
558 837 652 907 potcct
666 832 743 891 homo
751 834 937 911 jootrflootuc,
953 837 1014 896 ciac
1027 839 1148 915 cpccialr'

322 931 379 991 Dei
391 929 507 1004 coertio,
523 931 554 990 r'n
569 937 679 1008 oooopto
686 935 806 1007 justitio
816 955 1002 1010 perseverare.

226 1104 272 1163 70.
295 1099 423 1170 Quaescio
444 1117 500 1158 non
521 1101 566 1157 ert
579 1098 627 1157 hic
641 1099 676 1158 da
690 1101 905 1177 perseverantia
922 1121 997 1179 pure
1015 1105 1144 1181 passive,

185 1201 236 1260 sed
250 1201 285 1259 de
299 1198 512 1276 perseverantia
523 1198 626 1270 activa,
640 1199 701 1258 sive
710 1217 783 1276 pure
793 1199 861 1259 talis
871 1200 919 1274 sit,
932 1201 995 1262 sire
1004 1204 1147 1280 perduret

184 1320 276 1378 usque
290 1300 326 1358 ad
340 1304 460 1357 mortem
475 1302 505 1358 et
513 1298 553 1357 sic
566 1297 781 1375 perseverantia
793 1298 911 1375 passiva
924 1307 1146 1364 consummetur

186 1408 215 1460 et
237 1403 397 1460 coronetur.
441 1399 508 1472 Seu,
533 1397 599 1456 aliis
618 1397 723 1468 verbis,
745 1399 869 1475 quaestio
886 1403 931 1459 est
951 1401 987 1461 de
1008 1421 1144 1479 perseve-

183 1501 279 1560 rantia
292 1499 324 1558 in
342 1500 416 1558 bono
430 1517 496 1574 quae
515 1499 601 1574 longo
618 1501 746 1574 tempore
764 1497 861 1570 durat,
884 1499 946 1559 sive
964 1500 1029 1560 hoco
1045 1503 1102 1563 fiat
1114 1504 1144 1562 in

183 1596 288 1656 ultima
305 1596 366 1664 siva
385 1596 416 1654 in
437 1595 500 1653 ulla
513 1593 570 1652 alia
583 1597 665 1671 parte
679 1593 758 1666 vitra,
771 1595 833 1652 siva
847 1595 883 1654 ab
897 1614 931 1654 ee
945 1601 1048 1674 postea
1064 1600 1144 1660 exci-

185 1699 271 1758 datur
285 1699 346 1757 sive
366 1715 432 1756 non.
473 1696 517 1754 De
537 1694 597 1753 sola
619 1698 717 1755 eutem
738 1697 956 1771 perseverantia
978 1697 1080 1759 activa
1097 1699 1144 1758 hio

184 1799 304 1858 verbum
322 1795 413 1868 facio;
437 1801 494 1854 tom
515 1794 584 1871 quia
598 1795 662 1853 duae
676 1793 741 1853 istae
761 1795 985 1871 perseverantiae
1007 1803 1081 1859 sunt
1101 1819 1144 1858 res

184 1899 301 1958 omnino
322 1898 477 1969 distinctae,
501 1901 530 1956 et
552 1897 642 1956 altera
663 1895 725 1954 aina
746 1897 836 1955 altera
856 1898 982 1958 existere
1002 1905 1143 1976 potestat

184 2014 260 2072 saepe
284 1994 404 2068 existit;
435 1999 493 2053 toro
514 1993 583 2066 quia
604 2012 688 2051 nemo
712 2002 757 2051 est
780 1993 831 2069 qui
851 1999 947 2069 neget,
971 1997 1052 2073 quod
1074 1999 1143 2056 adeo

183 2095 370 2154 manifestum
394 2100 447 2167 est,
468 2094 709 2172 perseverantiam
730 2093 874 2170 passivam
894 2113 954 2154 esse
969 2115 1007 2154 ex
1023 2098 1143 2174 speciali

183 2197 294 2275 gratia3
317 2203 375 2257 torro
389 2197 467 2274 quie,
484 2197 508 2256 si
522 2196 733 2274 perseverantia
744 2197 838 2254 activa
846 2216 896 2272 per
906 2217 936 2254 se
947 2198 1010 2258 sine
1022 2199 1141 2276 speciali

185 2295 280 2371 gratie
302 2295 404 2355 haberi
429 2313 487 2352 non
510 2297 614 2370 potest,
637 2312 651 2350 a
677 2292 790 2350 fortiori
809 2297 839 2352 et
858 2294 955 2352 active
975 2299 1006 2353 et
1025 2299 1143 2373 passive
1180 2307 1194 2342 ·'

184 2395 345 2473 conjunctos
372 2413 430 2452 non
458 2391 520 2450 sine
547 2392 641 2468 gratia
675 2391 801 2468 speciali,
833 2394 890 2452 imo
918 2392 1087 2469 specialiori
1114 2402 1142 2455 et

185 2494 400 2572 specialissima,
423 2492 523 2552 haberi
543 2494 656 2568 potest3
679 2496 737 2549 com
751 2490 820 2568 quia
838 2491 950 2552 diverso
969 2513 1079 2568 genere
1093 2499 1142 2555 ent
1190 2483 1192 2560 f

185 2597 287 2655 saltem
309 2597 400 2653 forma
421 2592 584 2668 argumenti
605 2592 744 2668 probatur
761 2591 917 2669 propositio
938 2592 974 2651 de
988 2613 1049 2652 una
1063 2596 1141 2655 etde

185 2697 275 2755 altera
301 2693 534 2771 perseverantia;
561 2696 618 2750 tom
642 2691 767 2768 denique
794 2692 831 2750 ad
853 2691 1005 2751 vitandam
1033 2695 1140 2754 mentis
1188 2733 1189 2771 p

185 2794 429 2874 perturbationem
446 2795 488 2871 (n.
504 2796 565 2871 58),
587 2793 619 2852 in
634 2812 730 2869 quam,
751 2811 789 2851 ex
803 2791 949 2852 distinctis
962 2795 1098 2855 materiis
1111 2797 1140 2855 in
1187 2819 1188 2863 r

185 2917 276 2956 unum
291 2895 457 2968 commistis,
482 2895 568 2953 etiam
589 2913 646 2952 non
664 2913 751 2971 parvo
771 2893 888 2969 ingenio
901 2895 1055 2970 pollentes,
1082 2897 1139 2956 dis·
1186 2909 1187 2953 t

184 3002 281 3058 centes
294 2997 455 3075 prasertim
470 2996 602 3074 (experto
617 2996 722 3073 crede),
738 2995 864 3054 incidere
878 2995 982 3057 solent.

226 3100 272 3158 71.
294 3099 472 3175 Arqomooto
500 3117 532 3155 oa
556 3097 589 3156 S.
615 3097 779 3173 Scriptura.
820 3097 1035 3157 Ancrnnnrmr
1055 3099 1081 3160 I.
1104 3119 1138 3159 cx
1184 3095 1185 3133 ¹

184 3200 255 3260 locis
279 3200 435 3276 Scriptores
460 3197 621 3275 inquibus
648 3198 829 3275 significatur
852 3217 957 3274 magna
982 3199 1136 3260 difficultas
1182 3187 1184 3262 ,¹

185 3321 237 3378 pro
251 3300 392 3371 omnibus,
408 3298 496 3359 etiam
507 3316 559 3376 pro
569 3298 667 3375 justis,
684 3299 808 3358 salutem
820 3296 994 3376 assequendi
1003 3321 1011 3373 ;
1033 3320 1137 3378 magno

186 3401 339 3462 difficultas
349 3398 494 3478 justitiam
505 3401 649 3475 acceptam
660 3397 866 3471 conservandi;
886 3397 1048 3475 pericnlum
1058 3421 1135 3477 mag·
1180 3423 1181 3497 p

185 3520 256 3560 num
271 3505 301 3560 et
314 3502 485 3560 continuum
498 3498 660 3575 utriusque,
677 3501 706 3556 et
722 3497 847 3575 justitiae
864 3501 895 3558 et
915 3498 1027 3572 salutis,
1051 3501 1134 3560 emit·
1179 3519 1180 3587 p

186 3602 289 3662 tendae.
331 3603 374 3660 Eo
388 3601 465 3661 enim
478 3599 541 3677 ipso
555 3599 632 3677 quod
649 3598 791 3677 ejusmodi
804 3599 959 3660 difficultas
977 3604 1009 3661 et
1021 3601 1133 3678 pericu·
1178 3607 1179 3677 t

184 3704 300 3762 lumin
326 3721 411 3780 opere
438 3701 536 3780 aliquo
564 3699 710 3760 efficiendo
737 3699 924 3772 affirmantur,
953 3701 1133 3779 significatur
1176 3691 1178 3767 t
