2408 4304
102 433 191 478 mse.
208 411 286 497 xm]
485 411 541 476 De
554 411 686 481 Merito.
992 435 1054 496 459

99 579 200 656 oulpae
221 577 308 638 timor
323 576 434 650 ¹filialis,
457 597 510 638 neo
530 577 610 637 tollit
630 596 682 638 neo
702 576 811 636 minuit
826 576 982 638 meritum:
1005 579 1054 638 hio

100 683 185 744 enim
202 683 289 743 timor
314 685 388 742 “est
405 685 435 741 et
453 684 588 759 optimus,
615 685 645 741 et
668 681 799 741 nescitur
815 701 853 740 ex
874 701 969 742 amore
986 685 1051 755 Dei,

100 782 191 859 oujus
205 781 312 840 offensa
325 783 369 840 est
381 781 493 857 oulpa’'
529 781 560 839 2⁰
579 781 608 840 N
610 800 641 840 eo
654 781 758 839 merito
768 781 847 838 obest
860 780 947 840 timor
963 781 1056 857 oulpae

100 883 162 941 sub
188 880 299 940 ratione
320 880 533 958 imperfectiori,
561 883 597 938 ut
617 881 653 938 ob
676 881 741 957 ejus
762 880 901 940 moralem
924 880 1053 956 turpitu-
1090 923 1096 936 .

100 980 205 1040 dinem
221 999 228 1038 ι
250 979 318 1056 quie
331 981 425 1040 bonus
438 982 468 1038 et
480 980 618 1038 honestus
632 983 676 1038 est
688 979 775 1039 timor
790 981 851 1038 ille.
896 979 938 1039 30.
959 980 1051 1050 Idem,

102 1082 139 1139 et
151 1081 268 1154 propter
280 1078 400 1137 eandem
413 1077 562 1150 rationem,
578 1077 731 1136 dicendum
743 1082 786 1138 est
794 1079 830 1138 de
840 1075 942 1138 timore
955 1095 1055 1155 poenae

102 1178 276 1254 spiritualis,
292 1181 327 1236 ut
340 1179 488 1256 gehennae.
523 1181 563 1235 4⁰.
586 1177 789 1238 Oertissimum
811 1197 926 1256 quoque
940 1183 1057 1237 estnon

100 1277 242 1354 impediri
254 1276 391 1334 meritum
410 1277 503 1352 operis
521 1275 592 1334 faeti
606 1295 644 1334 ex
658 1275 761 1336 timore
774 1280 873 1353 poenae
887 1279 1054 1353 temporalis

102 1377 242 1437 immissae
257 1396 274 1436 a
287 1378 358 1450 Deo,
377 1380 412 1436 ut
424 1376 449 1434 si
462 1376 528 1453 quis
541 1376 668 1452 graviter
681 1380 807 1452 aegrotus
820 1377 868 1454 pie
882 1381 944 1436 oret
957 1377 1053 1436 Deum

103 1481 159 1536 aut
172 1477 365 1554 eleemosynas
379 1477 544 1554 elargiatur,
565 1481 599 1536 ut
613 1478 800 1537 convalesoat.
843 1478 928 1551 Quia,
955 1484 974 1514 “
986 1479 1056 1537 lioet

102 1577 215 1636 malum
237 1577 312 1636 illud
332 1577 489 1654 temporale
503 1577 550 1650 sit,
574 1580 669 1654 potest
687 1578 795 1636 bonum
815 1575 862 1636 illi
875 1577 1052 1636 eontrarium

103 1677 227 1736 honeste
248 1675 363 1752 appeti;
385 1677 432 1735 vel
448 1676 519 1753 quia
534 1695 587 1752 per
605 1695 635 1736 se
648 1680 692 1736 est
705 1679 928 1736 consentaneum
941 1680 1053 1735 naturae

103 1775 249 1846 rationali,
272 1779 307 1834 ut
319 1779 364 1834 est
376 1775 438 1834 vita
451 1775 499 1834 vel
511 1777 618 1834 sanitas
631 1775 678 1835 vel
692 1775 750 1834 alia
763 1775 870 1834 similia
882 1777 966 1847 bona,
982 1795 1049 1851 quae

106 1893 173 1933 oum
197 1873 294 1934 debita
316 1874 511 1935 moderatione
532 1878 650 1952 propter
678 1895 708 1934 se
726 1875 824 1951 appeti
845 1878 982 1952 possunt3
1004 1875 1053 1934 vel

105 1973 184 2050 quia,
209 1973 279 2034 lieet
301 1975 409 2033 bonum
429 1973 507 2033 illud
530 1974 569 2033 sit
592 1975 628 2034 de
649 1993 679 2034 se
699 1973 877 2052 indifferens,
900 1977 997 2050 potest
1017 1975 1053 2032 ad

107 2073 275 2133 ulteriorem
288 2073 376 2132 finem
388 2074 543 2133 honestum
557 2073 714 2133 ordinari.”
755 2073 833 2133 Ibid.
848 2093 878 2132 n.
894 2079 922 2134 6.

149 2173 214 2232 187.
240 2173 279 2230 60.
302 2173 554 2240 Idemdiaendum
574 2177 618 2233 est
638 2173 726 2233 etiam
744 2174 780 2233 de
797 2176 877 2233 metu
891 2175 1004 2233 incusso
1019 2174 1055 2232 ab

107 2271 226 2330 homine
242 2271 279 2330 ad
301 2271 408 2330 bonum
432 2291 504 2350 opus
522 2271 583 2331 sive
599 2272 710 2332 directe
729 2272 790 2332 sive
803 2273 943 2336 indirecte
959 2278 1055 2332 extor-

106 2371 266 2448 quendum.
309 2372 388 2431 Hino
412 2372 520 2430 “filius
533 2371 581 2430 vel
603 2371 739 2444 famulus,
756 2371 808 2448 qui
828 2372 912 2431 audit
927 2371 1053 2443 missam,
1160 2387 1161 2390 ’

107 2489 145 2528 ne
158 2469 288 2529 incurrat
301 2471 503 2530 comminatam
514 2489 636 2546 poenam
649 2470 673 2528 si
686 2488 745 2528 non
758 2469 892 2543 audierit,
906 2469 1055 2528 nihilomi-

107 2588 173 2643 nus,
190 2569 215 2651 si
227 2569 258 2628 id
270 2569 359 2628 faeiat
366 2569 449 2628 modo
460 2570 559 2629 debito
571 2576 600 2628 et
609 2569 642 2628 in
652 2569 764 2628 cultum
773 2569 838 2642 Dei,
851 2587 924 2644 opus
937 2567 1056 2628 virtutis

108 2672 139 2728 et
158 2667 338 2727 meritorium
359 2668 461 2728 iacit.”
503 2668 581 2727 Ibid.
600 2686 630 2726 n.
647 2672 674 2726 9.
717 2667 749 2728 Si
767 2672 864 2726 tamen
887 2687 960 2744 opus
980 2673 1056 2727 esset

108 2770 286 2844 praeceptum
310 2768 350 2843 (v.
365 2787 393 2842 g.
409 2767 520 2826 auditio
534 2766 629 2826 missae
643 2765 675 2824 in
688 2766 864 2844 Dominioa),
890 2770 920 2826 et
941 2767 966 2826 si
989 2767 1055 2843 quis

108 2870 249 2926 statueret
261 2867 293 2926 id
312 2885 370 2926 non
383 2869 484 2941 faeere,
506 2867 564 2926 nisi
577 2870 658 2927 metu
671 2868 707 2926 ab
720 2867 836 2926 homine
849 2867 963 2926 insusse
977 2886 1057 2926 coao-

108 2971 165 3037 tus,
187 2966 354 3044 hujusmodi
367 2967 503 3026 voluntas
517 2986 576 3026 non
589 2967 684 3026 solum
697 2965 776 3026 tollit
789 2966 948 3026 bonitatem
962 2966 1055 3042 operis

109 3065 159 3124 sed
173 3069 217 3124 est
229 3065 353 3142 positive
366 3066 570 3142 peccaminosa.
585 3049 589 3055 “
609 3065 683 3125 Dixi
709 3066 775 3124 “ab
791 3065 908 3124 homine
924 3067 950 3124 :’'
976 3064 1056 3124 aliud

109 3163 188 3222 enim
209 3164 363 3224 dicendum
387 3168 462 3225 esset
476 3165 512 3224 de
528 3165 631 3224 timore
652 3181 752 3241 poenae
767 3183 784 3222 a
798 3165 859 3223 Deo
880 3163 1053 3240 irrogandas,

110 3262 212 3323 saltem
235 3265 267 3322 in
289 3263 441 3340 praeoeptis
461 3264 610 3340 positivis;
631 3268 667 3323 ut
686 3263 712 3322 si
732 3263 798 3340 quis
811 3263 920 3322 diceret
942 3269 961 3296 “
972 3263 1057 3322 hodie

110 3381 168 3420 non
179 3362 352 3439 jejunarem,
368 3362 393 3420 si
406 3381 462 3420 non
477 3367 551 3422 esset
564 3363 625 3440 dies
635 3361 743 3440 jejunii
756 3360 924 3439 praeoepti.’'

154 3462 220 3520 188.
245 3461 390 3531 Quaeritwr
407 3461 449 3520 8⁰.
470 3461 626 3538 supposita
646 3461 776 3520 doctrina
790 3459 939 3520 Catholioa
958 3460 994 3520 de
1012 3459 1057 3518 in-'

112 3558 280 3635 aequalitate
290 3559 417 3636 justitiae
427 3559 459 3618 in
469 3559 559 3637 justis
570 3560 613 3637 (d.
627 3563 673 3631 11,
682 3578 713 3616 n.
724 3559 794 3637 24);
816 3557 962 3636 supposita
972 3558 1059 3617 etiam

113 3658 258 3718 sententia
281 3664 573 3739 suprapropngnata
598 3659 640 3738 (n.
659 3659 748 3736 117);
774 3658 922 3736 supposito
943 3676 1058 3737 quoque
