2410 4314
177 406 217 468 26
295 417 298 426 '
410 437 413 442 ·
521 398 724 464 DeGrotz'o.
972 402 1129 487 [menn.

174 569 257 626 nium
271 565 433 626 innocentis
456 565 588 624 habitum
613 569 657 624 est
681 570 710 624 et
732 565 897 626 adhibitum
920 569 1025 629 fuisset
1046 570 1130 628 modo

175 667 301 744 quodam
314 665 460 725 nobiliori.
504 666 544 729 2⁰.
565 665 681 736 Bestiae,
698 684 763 742 quae
786 685 864 726 nnnc
887 667 957 727 ferm
972 673 1003 728 et
1020 669 1131 728 feroces

176 771 253 838 sunt,
269 768 341 827 tune
354 765 470 824 omnino
491 765 600 824 cicures
620 765 701 824 fuere
715 775 745 824 et
758 765 878 844 imperio
891 767 1019 827 hominis
1033 769 1129 828 obedi-

98 866 101 870 ’
176 871 266 926 entes.
310 867 431 937 Susam,
448 885 471 925 c.
490 869 534 924 16.

217 969 263 1026 29.
294 963 334 1023 6⁰.
363 966 410 1024 Ex
431 963 479 1024 his
498 963 632 1024 omnibus
657 964 841 1041 conjunctis,
855 969 885 1024 at
907 985 945 1025 cx
968 968 1131 1044 “paradiso

175 1064 335 1143 voluptatis
346 1064 363 1094 ’³
381 1065 501 1142 (Genea.
517 1063 548 1122 ii.
565 1064 625 1141 15),
641 1061 726 1140 cujus
736 1064 945 1124 oblectamenta
959 1069 990 1125 et
1004 1068 1131 1126 amoeni-

175 1169 249 1224 tatas
258 1167 453 1240 tottautaaque
461 1161 550 1234 fuere,
558 1167 695 1222 utomnes
705 1165 839 1239 caperent
850 1182 959 1236 senam,
968 1167 998 1224 et
1007 1163 1132 1242 singulis

175 1265 211 1324 iis
225 1283 291 1324 suas
304 1262 434 1340 proprias
447 1259 565 1320 delicias
580 1260 761 1320 dulcissimas
772 1265 802 1321 et
815 1261 983 1338 purissimas
997 1264 1130 1326 effunde·

174 1367 249 1436 rent,
261 1362 426 1424 exsurrexit
434 1359 558 1420 felicitas
566 1360 698 1438 quaedam
708 1359 872 1433 ineffabilis,
883 1379 949 1438 quaa
960 1363 1054 1422 vitam
1065 1383 1133 1425 vera

175 1465 290 1524 beatam
303 1465 342 1532 et,
359 1463 443 1520 extra
456 1459 597 1518 visionem
609 1459 674 1532 Dei,
691 1459 887 1519 beatissimam
902 1461 1056 1521 efficiebat.

219 1567 266 1621 80.
286 1560 346 1620 Hic
370 1580 428 1619 non
453 1561 503 1619 abs
526 1579 557 1618 re
581 1559 637 1618 erit
650 1563 758 1631 notare,
784 1565 802 1594 ‘⁴
813 1560 950 1636 quiddam
961 1560 1132 1637 injunctum

174 1679 271 1737 operae
282 1660 424 1718 manualis
435 1658 547 1735 paranti
558 1657 651 1734 primo
671 1656 724 1737 [ex
735 1659 838 1718 Genea.
851 1659 883 1717 ii.
899 1658 960 1738 15].
1006 1661 1133 1722 ‘Voluit

176 1761 276 1831 Deus,'
300 1760 342 1818 ait
360 1759 589 1836 chrysostomus,
613 1749 746 1834 ‘parvam
768 1759 925 1835 quamdam
950 1763 979 1818 et
999 1761 1131 1820 modera-

176 1866 237 1918 tam
250 1879 348 1918 curam
362 1877 450 1935 penes
470 1855 615 1916 hominem
636 1876 697 1916 csse
717 1857 822 1916 tamin
837 1857 1027 1918 custodiendo
1041 1879 1132 1937 quam

176 1959 207 2017 in
222 1957 387 2018 excolendo.
429 1957 505 2014 Nam
519 1955 613 2014 omnis
629 1957 723 2015 adhuc
746 1956 854 2016 laboris
874 1976 977 2034 expers
991 1963 1056 2018 erat
1070 1961 1132 2020 eul-

175 2063 242 2118 tura
264 2057 333 2130 illa;
365 2058 398 2116 ct
418 2055 615 2131 occupationis
644 2055 757 2134 aliquid
780 2055 807 2116 ei
830 2057 1037 2133 suppeditabat
1059 2059 1133 2118 citra

175 2157 301 2216 dolorem
315 2159 344 2215 et
358 2153 536 2215 aerumnam.²
577 2155 696 2214 Etenim
710 2154 786 2214 nihil
799 2159 843 2215 est
856 2154 915 2215 otio
929 2156 1132 2232 perniciosius,

174 2255 334 2333 prasertim
348 2256 425 2314 inter
439 2252 589 2311 affluentes
600 2253 816 2313 commoditates
829 2273 862 2313 ac
876 2253 1003 2325 delicias,
1020 2257 1132 2334 quibus

163 2355 275 2429 ¹hortus
288 2355 338 2414 ille
352 2354 477 2416 refertus
491 2357 582 2416 erat.”
624 2355 780 2427 Passurus,
796 2353 817 2414 l.
834 2357 862 2422 2,
878 2373 900 2412 o.
917 2359 944 2426 6,
960 2373 990 2415 n.
1006 2359 1036 2414 2.

214 2459 261 2514 ³1.
284 2457 328 2514 De
343 2457 422 2513 statu
435 2453 608 2514 innocentiae
622 2453 653 2512 in
667 2451 821 2530 hypothesi
835 2452 964 2528 ejusdem
976 2455 1131 2517 continua·

171 2553 270 2626 tionis,
286 2554 384 2631 plnres
398 2572 416 2612 a
429 2553 574 2629 theologis
594 2558 743 2630 ponuntur
757 2552 939 2628 quaestiones,
951 2572 988 2612 ex
1001 2571 1131 2630 quarum

172 2653 362 2730 inquisitione
376 2653 456 2712 haud
475 2671 578 2725 parum
600 2657 630 2713 et
647 2651 806 2729 voluptatis
827 2655 856 2711 et
875 2652 1013 2713 utilitatis
1028 2660 1130 2732 capta·

171 2752 270 2822 bitur;
293 2753 342 2810 sed
356 2769 473 2828 prorsus
486 2757 571 2810 extra
584 2751 733 2810 materiam
748 2753 919 2826 praesentem
929 2752 1039 2829 jacent.
1083 2756 1130 2814 De
1188 2755 1189 2770 ¹

171 2850 208 2909 iis
229 2871 266 2910 ex
290 2851 381 2910 altera
398 2853 481 2926 parte
499 2842 634 2909 videatur
658 2851 816 2920 Salutat
833 2855 859 2922 5,
876 2870 928 2926 per
951 2854 1067 2926 totum;
1091 2874 1130 2914 ex
1188 2839 1189 2858 ¹

172 2951 262 3010 altera
272 2950 425 3028 scriptores
438 2948 596 3027 pracsertim
609 2947 765 3020 Scotistici,
780 2949 930 3023 Hnsmox,
946 2952 1036 3024 Krcx,
1054 2955 1108 3014 &a

199 3189 203 3197 ,
283 3127 298 3208 §
321 3131 349 3186 2.
373 3128 416 3183 De
429 3129 506 3184 stato
520 3126 550 3184 c'n
564 3145 616 3202 qao
629 3125 753 3186 leminea
764 3112 847 3186 ‘condi
853 3133 1010 3203 potuerunt.

217 3253 262 3306 32.
284 3245 425 3306 Doctrina
441 3244 591 3304 catholica
609 3263 675 3321 quae
694 3246 742 3306 hio
762 3246 904 3306 firmanda
925 3252 976 3320 est,
994 3247 1036 3308 ait
1050 3249 1130 3309 Pan-

175 3365 250 3406 nonn
265 3347 306 3424 (n.
322 3347 389 3416 341,
403 3343 488 3420 not),
507 3345 655 3404 “maximi
675 3345 813 3405 momenti
827 3350 887 3420 est;
909 3366 973 3405 cum
988 3348 1128 3420 annulus,

174 3452 209 3506 ut
232 3447 274 3506 ita
295 3445 397 3517 dicam,
420 3443 466 3515 sit,
494 3444 545 3520 qui
570 3448 665 3503 cetera
688 3445 826 3504 doctrinae
848 3446 1002 3506 Catholicae
1029 3449 1130 3524 capita

174 3545 302 3604 adnectit
315 3542 390 3602 cirea
403 3542 514 3618 peccati
528 3543 676 3618 originalis
690 3544 818 3615 effectus,
828 3544 1003 3618 libertatem,
1015 3545 1130 3605 Christi

173 3643 326 3726 gratiam,”
351 3645 401 3703 dcc.
453 3642 490 3702 Id
512 3643 597 3703 hodie
618 3663 651 3704 eo
673 3643 765 3722 magis
789 3662 890 3704 verum
911 3648 964 3718 est,
990 3645 1069 3724 quod
1094 3647 1127 3706 in
