2424 4300
94 458 179 502 nrsr.
196 437 244 521 v.]
292 437 347 500 De
365 435 485 500 Gratia
500 436 592 501 Med.
609 439 642 500 et
653 433 937 520 Elea—posthae.
993 457 1051 518 125

96 602 136 661 sit
148 601 202 661 illa
217 601 342 663 tentatio
355 602 438 663 nobis
452 603 620 680 incomitum
634 605 686 660 est.
732 603 789 663 Sed
803 607 874 682 quot
888 607 957 661 sunt
969 603 1052 661 nobis

65 757 67 762 ,
95 701 250 776 incognita
264 706 293 762 et
305 691 431 775 incerta,
446 702 555 780 quaein
571 723 600 762 se
615 708 684 765 sunt
705 703 896 766 determinato
908 707 937 761 et
952 700 1053 761 certa?

97 801 185 867 Quod
207 803 290 862 Deus
304 803 388 862 novit
411 803 600 863 tentationem
622 805 780 876 definitam,
805 805 837 862 in
861 823 918 880 qua
939 802 1054 860 deficiet

97 903 214 974 Petrus,
238 921 298 960 non
318 921 386 962 sane
403 902 474 963 facit
494 907 529 962 ut
551 905 710 964 necessario
729 903 856 964 deficiat:
880 901 929 960 sed
954 921 1053 977 quaero

96 1007 199 1062 utrum
212 1003 305 1064 libere
323 1003 374 1063 isti
397 1005 552 1064 tentationi
573 1007 734 1067 succumbit
747 1026 785 1065 an
798 1001 981 1064 necessario?
1021 1001 1054 1061 Si

96 1107 199 1180 libere,
210 1127 280 1184 ergo
290 1109 388 1185 potuit
400 1127 458 1167 non
473 1111 673 1185 succumbere3
696 1109 721 1170 si
735 1107 901 1180 necessario,
918 1126 984 1182 ergo
995 1124 1053 1163 non

118 1213 207 1268 ecoat.

97 1227 116 1285 p
141 1309 186 1364 19.
219 1305 266 1364 De
288 1306 342 1364 hoc
365 1306 483 1365 mollem
505 1306 712 1383 sapientiorum
731 1305 876 1384 judicium
897 1307 1049 1380 expectare

97 1422 185 1479 quam
198 1424 298 1464 meum
311 1406 448 1482 proferre.
491 1407 598 1465 Censeo
618 1412 716 1465 tamen
736 1406 818 1464 illam
838 1404 1052 1463 distinctionem

95 1505 270 1565 tontationis
284 1506 480 1566 determinatae
495 1515 525 1566 et
538 1507 767 1568 indeterminata
788 1506 976 1584 objectionem
991 1504 1051 1562 elu-

96 1600 162 1661 dere
175 1603 277 1680 potius
291 1623 378 1681 quam
391 1624 458 1664 vere
479 1604 607 1664 solvere:
631 1610 660 1664 et
673 1624 771 1682 reapse
791 1603 878 1662 multi
891 1605 959 1660 sunt
969 1601 1050 1660 theo·

95 1701 163 1777 logi,
180 1703 301 1762 etinter
324 1723 372 1762 eos
393 1705 544 1775 Poenoue,
570 1704 647 1780 apud
670 1723 741 1780 quos
765 1723 828 1762 eam
846 1721 904 1760 non
923 1699 1049 1759 invenio.

98 1801 263 1862 Dicendum
278 1808 321 1863 est
335 1823 402 1878 ergo
410 1803 531 1864 Petrum
543 1805 579 1863 ad
590 1804 745 1863 vincendas
756 1821 854 1862 omnes
867 1799 1050 1869 tentationes,

96 1921 168 1978 quas
191 1923 293 1963 revera
306 1905 405 1978 vincit,
428 1905 533 1964 habere
555 1905 713 1982 potentiam
731 1909 761 1964 et
780 1904 931 1981 physicam
945 1906 974 1961 et
987 1920 1050 1960 mo·
1077 1964 1081 1971 ,

95 2002 221 2061 rulem-
228 2004 307 2080 quod
320 2004 409 2064 etiam
422 2003 604 2082 aliquatenus
617 2005 677 2064 dici
689 2008 785 2082 potest
798 2005 833 2063 de
844 2002 1053 2064 tentationibus

96 2101 206 2177 quibus
214 2104 341 2178 perfecto
355 2103 561 2164 deliberatione
574 2105 670 2176 cedit;
693 2105 729 2163 ad
744 2123 871 2164 cessero
885 2102 1051 2171 vincendas,

98 2219 170 2276 quas
180 2202 330 2262 moraliter
346 2203 458 2264 vincere
477 2223 535 2263 non
555 2210 658 2282 potest,
673 2205 779 2264 habere
793 2207 963 2281 potestatem
976 2203 1055 2279 phy··

97 2300 194 2376 sicum,
222 2321 288 2380 quae
312 2303 420 2362 sufficit
443 2305 479 2362 od
500 2312 660 2380 peceatum.
701 2306 762 2364 Nec
786 2303 855 2363 huic
879 2302 1051 2363 contradicit

98 2402 174 2476 qnod
189 2401 368 2476 dictumest,
384 2422 413 2462 n.
431 2407 476 2475 11,
498 2423 610 2480 nempe,
630 2404 746 2482 justum
768 2404 873 2463 habere
892 2403 1052 2479 potentiam

97 2499 184 2559 etiam
210 2501 349 2562 moralem
372 2503 409 2562 ad
441 2502 559 2562 vitanda
592 2503 688 2562 omnia
713 2503 841 2562 venialia
865 2502 1051 2560 distributive

97 2605 231 2677 sumpte:
253 2601 312 2675 vid,
328 2601 414 2675 infre,
429 2621 459 2661 n.
476 2607 523 2662 35.

136 2703 182 2760 20.
204 2701 242 2760 V.
265 2701 360 2762 “Nisi
380 2721 416 2760 ex
430 2701 548 2779 speciali
568 2702 624 2762 Dei
643 2701 825 2779 privilegio.’'
870 2699 910 2757 10.
933 2701 1050 2758 Donum

96 2799 195 2870 gratiae
211 2800 333 2877 speciale
346 2801 455 2878 triplex
469 2820 529 2860 esse
542 2805 646 2878 potest,
662 2801 821 2860 secundum
834 2799 936 2874 legem,
947 2805 1052 2876 praeter

96 2894 198 2972 legem,
214 2904 313 2960 contra
326 2900 429 2976 legem.
471 2900 563 2960 Primi
583 2901 652 2960 doni
672 2901 839 2978 exemplum
859 2903 904 2958 cst
919 2918 1049 2976 perseve-

96 2998 192 3057 rantia
211 2999 316 3059 finalis.
358 2999 579 3077 accopulata,
600 3000 749 3077 quianon
772 3000 865 3059 solum
886 3017 945 3058 non
964 2999 1050 3057 datur
1088 3055 1090 3060 .

96 3098 228 3156 omnibus
243 3099 294 3157 sed
306 3117 358 3158 nec
372 3098 460 3158 etiam
479 3099 627 3176 plerisque
648 3100 698 3159 sed
718 3102 836 3160 tanturn
855 3096 1048 3176 paucioribus,

96 3192 161 3267 imo,
175 3201 302 3274 spectato
316 3201 376 3258 toto
390 3217 496 3276 genere
509 3198 646 3273 humano,
662 3200 748 3276 longe
762 3197 956 3278 paucioribus.
997 3197 1051 3254 Est

96 3296 254 3355 secundum
266 3296 377 3374 legem3
400 3296 469 3374 quia
489 3298 594 3358 statuit
614 3299 696 3358 Deus
709 3317 768 3357 non
782 3297 875 3356 solum
888 3299 924 3355 ut
939 3313 1050 3372 semper

99 3401 193 3454 essent
205 3396 292 3456 multi
301 3397 377 3474 justi
397 3397 429 3456 in
449 3397 587 3472 Ecclesia,
610 3399 661 3458 sed
674 3416 787 3474 semper
801 3399 897 3456 essent
910 3394 962 3471 qui
972 3393 1049 3470 justi

96 3501 278 3555 morerentur.
321 3496 401 3556 Aliae
421 3501 490 3555 sunt
510 3497 612 3557 multoe
627 3497 737 3574 gratiae,
754 3497 903 3573 quaesunt
916 3497 946 3552 et
959 3495 1048 3570 speci·

96 3591 152 3652 ales
166 3600 195 3654 et
207 3596 365 3656 secundum
378 3595 481 3672 legem.
522 3597 649 3656 Secundi
658 3593 908 3680 doni'excmplum
921 3595 965 3652 est
979 3611 1045 3652 oon-

98 3687 218 3752 firmetio
232 3691 263 3752 in
275 3693 385 3770 gratia3
407 3713 472 3770 quae
493 3695 528 3753 ab
549 3695 601 3754 ille
621 3689 845 3773 perseverantia,
861 3708 927 3768 quoe
940 3689 1045 3767 incipit
