2410 4318
75 421 185 482 naar.
205 401 281 496 ιιι]
352 381 409 473 Da
424 397 671 510 Dzilra'butconc
689 395 823 472 Gratia.
1004 417 1065 489 ιιι

82 577 278 648 oboacoator,
294 572 331 636 do
343 570 391 634 his
404 573 483 634 anim
497 569 630 651 specialia
643 572 687 633 cat
701 569 865 634 difficultas.
902 569 1067 652 Propositio

87 677 256 739 affirmans
269 676 365 734 Deum
374 673 442 733 darc
455 671 598 750 ejusmodi
608 671 808 750 peccatoribus
822 671 947 748 gratiam
957 673 1066 735 suffici·

89 780 210 838 antem
220 775 257 834 ad
267 778 424 851 utrumque
432 792 504 850 opus
512 773 708 850 praestaudum
720 775 858 851 “spectat
863 773 899 832 ad
908 773 1068 834 doctrinam

92 876 284 938 catholicam
293 874 312 903 ''
328 874 370 934 ait
380 874 529 945 Pannona,
542 891 572 931 n.
585 876 653 932 889.
694 873 880 933 Eamtouent
894 873 1068 935 “Catholici

94 994 211 1036 omnes
221 973 239 1006 ’'
255 973 298 1035 ait
311 973 458 1046 daroma,
474 991 499 1032 o.
510 975 538 1044 4,
554 991 572 1030 a
587 976 614 1044 8,
632 969 648 1050 5
663 974 688 1033 1.
730 971 798 1033 Etsi
810 991 868 1032 nou
882 972 922 1034 sit
935 993 1069 1052 expresso

97 1075 234 1137 definita
247 1075 283 1134 ab
297 1072 436 1142 Ecclesia,
451 1091 554 1132 conseo
568 1091 632 1132 cam
645 1090 707 1131 esso
721 1071 899 1132 definibilam
912 1074 948 1134 da
961 1075 1018 1136 fida
1031 1095 1069 1136 ox

99 1174 250 1235 manifest
237 1177 268 1234 ta
282 1173 441 1250 Scriptura,
380 1170 614 1232 uratraditiono
628 1172 658 1231 ot
672 1189 759 1231 sensu
779 1171 909 1231 omniurn
929 1172 1069 1235 fidelium.

101 1275 159 1348 Ec,
178 1273 241 1333 solo
249 1291 390 1333 consensu
399 1271 602 1349 theologorum
616 1269 750 1348 inspecto
764 1289 831 1331 oum
844 1271 1057 1348 gravitatoi
1001 1279 1071 1334 ratr-

105 1393 206 1433 onum
228 1392 301 1450 quas
322 1372 483 1449 proferunt,
509 1389 610 1432 censeo
624 1370 785 1447 oppositam
799 1371 969 1447 doctrinam,
983 1374 1071 1436 etiam

108 1477 184 1535 auto
199 1471 398 1532 definitionem
410 1469 558 1540 Ecclesiae,
574 1471 678 1531 saltam
691 1471 874 1530 temerariam
889 1491 959 1534 esse.

154 1579 224 1637 103.
246 1576 326 1637 Nota
347 1578 447 1634 autom
468 1574 670 1651 peccatoribus
689 1573 763 1647 istis,
779 1578 902 1652 urgento
916 1580 1070 1655 praeopto,

111 1695 229 1753 sempor
242 1675 305 1736 dari
318 1674 443 1753 gratiam
457 1672 647 1734 sufficientem
661 1673 698 1732 ad
711 1672 787 1732 illud
796 1677 969 1736 servandum
985 1699 994 1750 ς
1015 1697 1073 1736 nou

113 1781 215 1838 autom
229 1794 341 1852 sempor
360 1778 392 1836 et
411 1773 491 1833 omni
511 1777 641 1850 temporo
663 1773 726 1846 dari
749 1775 874 1850 gratiam
898 1776 935 1834 ad
957 1795 1073 1836 oouver·

114 1877 236 1948 sionem,
253 1875 331 1934 siout
344 1893 398 1932 nec
412 1872 484 1950 ipsis
493 1871 583 1950 justis
598 1892 711 1950 sempor
725 1874 810 1933 datur
830 1874 925 1950 gratia
943 1875 978 1934 ad
996 1875 1073 1935 salu-

115 1973 417 2052 taritoroperaudum.
459 1972 576 2044 “Quia
594 1972 673 2044 licet,
694 1977 788 2050 quant
790 1994 840 2032 um
853 1977 898 2035 est
912 1975 947 2034 da
960 1994 998 2047 sc,
1014 1975 1073 2034 sin·

118 2076 197 2152 gulis
217 2073 371 2134 momentis
391 2073 429 2131 sit
450 2076 569 2148 paratus
594 2070 706 2153 [Dens]
730 2074 767 2134 ad
789 2074 884 2134 danda
908 2074 1027 2146 auxilia,
1050 2073 1075 2132 si

119 2182 235 2252 tompus
248 2193 309 2233 esse
312 2176 544 2250 topportunum,
570 2177 600 2231 ct
621 2173 679 2232 uisi
703 2173 756 2232 illa
770 2193 807 2232 ex
821 2193 909 2234 oursu
924 2193 1076 2234 causarum

120 2273 348 2350 impedirentur;
370 2273 433 2330 haeo
447 2274 546 2330 tamen
559 2271 666 2348 saepius
680 2273 888 2350 impediuntur,
903 2275 947 2335 ita
959 2279 994 2334 ut
1008 2294 1075 2334 oon·

122 2373 295 2432 naturaliter
308 2370 371 2430 dari
384 2390 443 2430 non
456 2370 577 2447 possint,
593 2375 628 2430 ut
640 2391 669 2431 v.
680 2391 706 2446 g.
723 2373 840 2449 quaudo
860 2374 945 2432 homo
959 2373 1075 2445 dormit,

122 2472 172 2532 vel
184 2475 342 2550 occupatur
364 2469 430 2530 aliis
451 2469 586 2546 nogotiis,
608 2470 685 2529 nihil
708 2471 861 2548 cogitando
882 2473 1018 2532 derebus
1040 2471 1077 2530 ad

124 2571 246 2632 salutem
268 2570 511 2648 pertinentibus?
535 2570 676 2641 Sruuoon,
701 2570 774 2642 (1.3,
797 2589 826 2646 q.
845 2574 870 2642 l,
894 2589 919 2629 a.
936 2575 963 2642 2,
979 2590 1009 2630 n.
1027 2574 1073 2630 10.

127 2671 280 2732 sedetiam
294 2675 378 2730 extra
391 2671 463 2728 duos
476 2669 543 2728 illos
557 2688 640 2729 casus
660 2669 753 2728 somni
767 2673 797 2730 et
810 2671 1006 2747 occupationis
1018 2690 1077 2730 nou
1130 2654 1131 2658 Ἰ

127 2791 207 2832 omno
227 2775 345 2848 tompus
370 2776 415 2830 est
436 2773 642 2847 opportunum,
668 2770 719 2828 sod
738 2788 816 2828 nuno
829 2771 884 2830 hoo
897 2790 976 2830 nuuc
989 2771 1075 2843 illud,

128 2871 280 2932 secuudum
294 2869 510 2946 beneplacitum
521 2872 552 2929 ct
561 2868 773 2944 providentiam
784 2869 922 2930 divinam.
963 2870 1078 2928 Bonum

131 2971 243 3046 aliquod
266 2970 444 3046 exemplum,
471 2970 563 3026 bonus
584 2967 658 3026 libor
680 2973 814 3044 acceptus
835 2969 884 3046 (ut
905 2968 938 3028 iu
959 2988 1027 3030 oasa
1047 2971 1078 3027 S.

132 3069 259 3147 Ignatii),
283 3069 381 3127 oonoio
405 3068 513 3139 audita,
537 3085 615 3126 mors
637 3067 734 3127 subita
753 3068 849 3142 amici,
871 3069 979 3129 etalio
1001 3069 1079 3145 ejus-

133 3169 206 3227 modi
218 3167 305 3244 plura
319 3169 482 3226 occasiones
503 3169 572 3225 sunt
594 3165 757 3240 ordinariae,
781 3166 890 3244 quibus
912 3168 988 3227 datis
1002 3169 1081 3226 Deus

134 3264 240 3322 interna
253 3283 305 3322 sua
318 3263 413 3338 gratia
427 3265 554 3321 montem
565 3262 688 3321 excitat:
710 3281 889 3338 quaomnes‚
906 3263 962 3323 etsi
975 3265 1081 3340 sapius

137 3385 198 3426 casu
209 3369 239 3425 et
251 3365 374 3424 fortuito
388 3361 555 3439 contingere
574 3361 741 3436 videantur,
765 3363 827 3422 sinc
840 3363 930 3423 dubio
944 3383 982 3423 cx
996 3364 1080 3424 suavi

137 3472 163 3528 et
174 3465 348 3527 misericordi
360 3464 544 3542 providentia
551 3463 608 3524 Dei
617 3463 703 3524 fiunt:
746 3464 916 3524 Occasionos
925 3465 989 3525 dico
1003 3466 1080 3525 ordi·

140 3567 243 3626 narias:
265 3566 366 3626 multa
379 3564 457 3624 onim
480 3564 563 3624 faotoe
585 3567 655 3624 suut
677 3566 708 3624 ot
728 3564 859 3640 quotidie
872 3565 946 3624 fiunt
960 3584 1079 3624 couver-

140 3667 224 3730 siones
237 3668 321 3728 ruodo
334 3663 571 3737 extraordinario,
588 3683 712 3740 quorum
721 3665 855 3744 exempla
867 3666 957 3728 habes
970 3665 1080 3728 invitis

576 3765 634 3826 11ι
