2408 4304
85 586 209 646 Nototoo
233 587 340 664 aliquot
358 583 388 645 o'o
406 587 433 645 S.
447 589 538 646 Anae.
555 588 690 660 Ineuom,
711 587 730 645 t.
747 593 773 658 6,
794 608 822 648 o.
839 592 986 662 459-464,
1007 583 1054 666 de,

226 691 369 761 peccatore
382 687 501 744 oeoidioo
516 705 549 744 ee
556 686 721 762 froqo'to'toto
736 687 900 750 intrinseca.

502 903 620 919 -

414 1065 429 1146 §
450 1069 472 1123 Ι.
495 1067 604 1124 Potitio
619 1070 708 1128 coasts.
743 1092 746 1099 ·

120 1233 156 1288 Ὶ1.
177 1228 343 1301 Recidivus,
368 1225 541 1304 simplieiter
554 1230 584 1288 et
603 1226 636 1286 in
657 1245 770 1302 genere,
794 1227 879 1286 isest
892 1227 954 1304 qui,
977 1232 1042 1305 post

86 1329 221 1404 adeptam
246 1327 444 1386 remissionem
469 1325 582 1402 peceati
605 1325 767 1402 (loquimur
790 1325 839 1384 hie
863 1326 899 1385 de
922 1335 1040 1403 peceato

88 1427 171 1502 gravi
185 1426 267 1504 solo),
282 1426 390 1484 iterum
402 1425 435 1484 in
448 1428 599 1502 peecatum
613 1424 763 1483 relabitur.

129 1529 157 1585 2.
179 1525 345 1597 Recidivus,
362 1525 472 1600 dequo
489 1523 537 1582 hie
555 1529 600 1583 est
619 1543 710 1582 sermo
730 1523 870 1600 specialis,
891 1524 917 1582 is
930 1527 974 1583 est
988 1525 1040 1601 qui

86 1625 194 1684 iterum
207 1625 238 1682 in
249 1624 321 1683 idom
334 1627 485 1700 peecatum
497 1622 646 1682 relabitur.

129 1730 157 1783 3.
179 1723 336 1782 Reoidivus
348 1722 404 1782 iste
418 1721 529 1798 duplici
542 1721 626 1782 modo
644 1719 736 1780 relabi
749 1724 861 1798 potest:
887 1720 925 1794 1⁰,
941 1723 1040 1781 eodem

87 1844 141 1884 seu
154 1823 237 1902 quasi
255 1824 356 1883 eodem
373 1825 457 1882 modo
475 1842 533 1900 quo
553 1827 640 1881 antea
657 1822 755 1900 lapsus
773 1827 826 1894 est,
847 1827 877 1882 et
894 1842 961 1899 ergo
979 1823 1042 1882 sine

32 1999 38 2006 ,
87 1923 152 1982 ulle
175 1922 395 1982 emendatione:
422 1923 463 1995 2⁰,
483 1941 551 1982 oum
570 1921 671 2000 eliqua
689 1921 898 1995 emendatione,
926 1927 957 1982 et
974 1942 1042 1999 enge

88 2041 148 2082 non
161 2022 260 2082 eodem
272 2022 366 2082 modo.

129 2127 155 2180 4.
177 2121 307 2198 Uterque
327 2119 472 2180 residivus
492 2122 616 2198 spectari
638 2123 734 2198 potest
751 2122 786 2179 ut
804 2120 935 2180 recidens
948 2119 1044 2198 prime

87 2223 205 2279 tantum
219 2218 291 2290 viee,
307 2219 355 2279 vel
367 2218 467 2288 alters,
481 2219 530 2278 vel
544 2219 641 2292 tertia,
657 2225 687 2278 et
700 2219 743 2278 ita
756 2239 849 2296 porro.

128 2319 156 2378 t.
178 2316 356 2376 Reeidentiae
371 2336 437 2376 eum
455 2317 553 2394 aliqua
572 2317 773 2376 emendatione
786 2318 886 2394 plures
902 2336 963 2378 esse
975 2337 1042 2394 pos·

87 2419 159 2475 sunt
171 2416 287 2491 gradus,
302 2419 389 2492 prout
402 2415 564 2476 emendatio
579 2415 671 2492 major
684 2420 737 2475 aut
750 2416 845 2475 minor
859 2420 914 2476 est.

54 2539 59 2546 ·
129 2513 157 2573 6.
178 2514 309 2580 Quaestio
329 2519 374 2574 est
394 2515 444 2573 hio
467 2515 502 2573 de
522 2514 659 2586 recidivo,
680 2514 732 2591 qui
755 2514 788 2573 in
804 2514 876 2572 o'dom
893 2527 1043 2592 peecatum

87 2619 232 2690 reinuidit,
247 2619 335 2678 eodem
348 2620 432 2678 modo
446 2622 499 2678 aut
512 2619 600 2678 etiem
613 2619 721 2696 pejore,
744 2617 806 2678 sine
827 2617 888 2677 utto
909 2619 1044 2680 emende-

89 2718 180 2778 tione.

128 2816 156 2880 7.
177 2815 219 2874 Ut
233 2815 419 2874 absolvantur
437 2814 509 2875 meri
530 2813 686 2888 habitasti,
706 2817 737 2875 et
758 2814 853 2874 multo
876 2815 969 2892 magis
987 2835 1046 2875 non

88 2918 244 2990 habitanti,
265 2918 381 2985 suffieit.
402 2919 560 2980 seeundum
579 2918 753 2978 senteutiam
773 2919 1048 2996 eommunissimam,

88 3017 146 3077 etsi
158 3017 238 3076 nollo
251 3018 430 3096 praecesserit
445 3016 619 3089 emendatio,
639 3021 674 3077 ut
692 3037 756 3078 eem
776 3017 852 3076 serie
863 3025 1046 3094 proponent:

90 3118 161 3194 quie
184 3116 278 3193 “ipsa
301 3120 460 3194 spontanea
481 3115 623 3178 eonfessi'o
647 3120 692 3176 est
717 3117 833 3192 signum
854 3117 1046 3190 contritionis,

88 3216 147 3274 nisi
174 3217 269 3274 obstet
296 3215 395 3292 alique
415 3215 542 3294 positiva
569 3214 758 3292 praesumptio
786 3215 818 3274 in
840 3217 1048 3276 eontrarium.”

90 3313 120 3374 S.
134 3315 231 3374 Auen.
245 3333 274 3374 n.
291 3319 360 3372 459.

115 3417 159 3472 ’8.
182 3412 331 3478 Quaeritur
356 3431 402 3485 an,
428 3416 463 3472 ut
476 3412 647 3473 absolvetur
664 3412 811 3472 recidivus
834 3418 940 3485 noster,
969 3413 1048 3490 quod

92 3511 199 3570 attinet
211 3511 246 3570 ud
262 3509 378 3588 signum
393 3509 499 3570 doloris
521 3494 637 3588 (eeteris
651 3511 833 3589 suppositis),
857 3511 979 3572 sufficiat
993 3513 1049 3572 ista

93 3608 232 3668 confessio
247 3609 429 3685 spontanea?
