2410 4314
175 461 212 523 52
547 439 603 508 De
619 437 749 536 Gratiis.
972 441 1073 527 [men.
1091 462 1129 508 ιι.

171 627 235 670 ean.
251 612 279 674 6.
322 605 399 683 Ergo
411 606 497 666 homo
511 611 623 670 orestus
635 607 668 668 in
681 609 759 668 stetu
771 609 986 686 naturalium,
1004 607 1131 688 ideoque

173 709 235 768 sine
247 709 364 786 peooeto
379 707 422 786 (n.
437 707 479 780 5),
495 726 529 768 en
542 713 661 768 teneret.

216 811 281 871 106.
314 807 399 884 Resp.
427 807 465 868 nd
490 807 626 885 primum.
658 809 698 870 1⁰.
733 807 831 868 Sermo
858 810 904 867 est
929 806 978 868 bio
1004 807 1043 870 de
1071 809 1133 872 sole

172 906 404 986 oonoupieoentin
429 907 610 970 nomenonii
636 911 667 974 et
697 906 781 970 nobie
809 907 946 979 naturali,
973 926 1074 987 supro,
1103 929 1131 970 n

174 1012 221 1068 88.
263 1008 306 1070 2⁰.
330 1008 399 1070 Non
413 1007 507 1071 solun
524 1011 642 1070 nonest
662 1011 762 1073 eontra
780 1011 924 1081 usturam,
939 1007 991 1070 sed
1010 1009 1132 1070 omnino

173 1107 306 1172 naturale
332 1112 385 1178 est,
413 1112 448 1170 ut
474 1107 505 1172 iu
532 1107 650 1174 homine
675 1107 785 1174 existet
811 1107 932 1168 oertetin
956 1106 1010 1173 ills
1036 1111 1132 1171 oannis

173 1207 310 1272 sdversue
330 1205 465 1286 spiritum
485 1210 515 1270 et
534 1207 653 1287 spiritus
673 1207 811 1273 novenos
829 1225 953 1268 earnem.
1008 1209 1132 1270 Constat

173 1307 252 1370 enim
270 1308 356 1370 homo
370 1327 409 1395 ex
422 1308 535 1372 duobus
548 1307 727 1383 substantiis,
742 1327 811 1387 quen
823 1326 890 1392 eum
909 1307 1132 1376 netunnliterin

173 1406 304 1486 opposite
324 1405 476 1470 inclinent.
517 1407 600 1470 Sient
624 1407 725 1470 bestiis
745 1407 877 1470 naturale
897 1410 942 1468 eet
964 1407 997 1468 in
1019 1407 1132 1470 bonnm

174 1506 309 1570 sensibile
334 1526 387 1586 per
413 1527 514 1570 tensus
541 1511 570 1568 et
589 1508 735 1586 appetitus
763 1508 904 1582 tendere3
938 1507 981 1568 nio
1006 1508 1132 1582 homini,

174 1616 317 1687 quotenus
349 1607 471 1669 animali
505 1611 535 1668 ot
568 1628 602 1667 ea
635 1627 699 1686 que
732 1607 790 1687 ipsi
819 1627 888 1668 oum
917 1607 1020 1672 bestiis
1055 1629 1130 1670 oom-

174 1709 274 1770 munis
297 1711 366 1770 sunt
386 1707 512 1778 habenti,
534 1707 666 1770 naturale
685 1709 730 1768 est
752 1707 785 1768 in
810 1706 888 1768 idom
909 1707 1049 1783 tendere;
1083 1709 1134 1769 sed

175 1808 211 1882 ei.
239 1811 385 1888 quotenus
416 1806 563 1881 rationali,
593 1807 702 1887 pariter
728 1807 860 1868 naturale
892 1810 937 1868 est
963 1810 999 1868 ut
1028 1809 1133 1870 tendet

115 1991 117 1995 Ι
175 1908 207 1968 in
246 1908 355 1968 bonnm
395 1907 555 1986 spirituale.
620 1907 700 1973 Hine
739 1927 838 1986 pugno
876 1907 1130 1986 eoneupieoentiae.

178 2006 379 2083 “ignorantie
402 2011 432 2068 et
462 2006 616 2072 difficultas
643 2006 796 2089 [vincendi
820 2007 995 2076 tentationes
1027 2028 1133 2087 graves

176 2107 208 2168 in
229 2110 334 2170 nature
353 2105 443 2188 pure]
465 2126 523 2168 non
545 2107 754 2186 imprimuntur
773 2109 886 2171 nature
909 2126 927 2168 e
950 2105 1023 2182 Deo,
1050 2107 1135 2188 qussi

179 2209 215 2270 nb
229 2207 390 2270 extrinseco
404 2212 435 2268 et
447 2211 481 2268 ut
493 2193 843 2287 vitinn'snpsnnnitnn:
857 2208 907 2273 son
921 2210 990 2273 sunt
1002 2208 1136 2278 notetus

178 2310 385 2387 consequentes
404 2307 577 2370 nntnnnliter
595 2312 730 2370 neturem
748 2309 905 2373 numanam
925 2307 981 2368 eibi
1002 2308 1136 2372 neliobem

180 2408 256 2470 siun
268 2408 372 2486 rubigo
385 2407 542 2470 oomitetnr
554 2407 672 2480 ternum,
689 2411 719 2472 et
736 2407 801 2472 eliee
815 2407 1048 2487 importentiones
1065 2409 1136 2475 elios
1188 2423 1189 2447 ι

181 2513 301 2572 noturus
326 2493 403 2590 [vid.
435 2507 466 2568 S.
490 2508 623 2580 Tuonss,
650 2512 675 2580 1,
697 2513 726 2581 2,
746 2528 775 2586 q.
799 2509 846 2581 85,
868 2527 894 2568 s.
924 2512 952 2580 6,
978 2507 1011 2570 in
1039 2508 1135 2590 ons-n]

181 2655 188 2672 .
213 2655 220 2670 .
243 2655 252 2673 .
275 2651 283 2670 .
307 2607 487 2687 Hujusnnodi
508 2608 638 2671 detentus
661 2627 720 2671 non
737 2609 823 2668 debet
843 2607 961 2669 retundi
983 2610 1016 2667 in
1038 2608 1136 2674 Deum
1187 2649 1188 2690 3

178 2713 291 2772 neturus
319 2712 475 2780 nuotonem,
504 2706 607 2770 sedin
628 2707 949 2785 ipsammetnsturum‚
974 2709 1136 2770 seeundum
1187 2705 1188 2765 t

180 2811 258 2888 qnod
272 2829 309 2869 ex
319 2828 349 2869 se
363 2817 408 2869 est
421 2807 602 2878 (intenibilis,
614 2806 684 2884 quie
695 2807 774 2872 raon
787 2810 831 2868 est
844 2827 882 2868 ex
895 2806 1019 2869 nibilo.''
1063 2809 1134 2872 Sen-

179 2927 270 2970 ιιιιιτ.
286 2909 315 2968 d.
330 2909 359 2981 2,
374 2926 404 2968 n.
418 2911 486 2966 269.

222 3007 287 3070 107.
313 3007 354 3068 ³0.
381 3006 430 3066 Ad
456 3004 646 3082 objeotionem
672 3005 789 3070 dirente.
844 3008 926 3068 Deue
951 3027 1011 3070 nou
1036 3009 1136 3087 potuit

179 3127 274 3168 oreore
292 3105 439 3166 hominem
458 3123 525 3164 oum
542 3104 829 3183 eonnupieoentiseo
846 3107 904 3168 fine
925 3112 961 3168 ut
981 3107 1009 3168 ei
1032 3109 1134 3170 oednt:

178 3226 231 3267 neo
262 3205 360 3284 potuit
394 3223 489 3264 oreere
524 3203 586 3264 sine
611 3205 725 3268 viribus
758 3209 810 3268 snt
846 3205 965 3268 auxiliis
998 3207 1037 3268 sd
1072 3228 1135 3268 eem

178 3306 350 3367 vincendam
376 3303 591 3366 sufficientibus.
645 3306 703 3366 Sed
728 3306 824 3383 potuit
851 3325 947 3368 oreore
972 3325 1038 3368 oum
1067 3327 1135 3368 oon·

180 3405 364 3484 oupisoentin,
394 3423 452 3464 non
485 3421 621 3467 emovene
651 3405 795 3466 detentum
823 3405 913 3468 istum
942 3413 1055 3470 notnrn
1089 3408 1134 3468 in-
1184 3445 1185 3450 κ

179 3505 337 3567 triueeonm
371 3503 539 3574 naturalem,
569 3505 619 3564 eod
653 3523 721 3566 eum
752 3525 867 3568 monere
898 3505 1071 3584 permittens
1102 3513 1136 3568 ut

181 3605 355 3667 oooeeionem
382 3605 488 3665 meriti.
530 3605 633 3682 Neque
654 3604 686 3664 in
709 3605 763 3664 hoo
785 3605 847 3666 ulle
867 3610 911 3666 est
932 3608 1134 3684 repugnantis.

181 3707 207 3768 E
236 3705 377 3766 oontrsnio
398 3704 638 3785 eoncupiscentia,
667 3723 732 3782 qnae
757 3708 800 3766 'est
825 3706 916 3768 fomes
935 3706 1054 3786 petenti,
1076 3727 1134 3770 non
