2410 4314
85 405 177 450 mer.
195 385 247 470 ru]
295 385 350 449 De
364 383 514 450 Slatz'bus
528 385 699 450 Humane
713 386 866 451 Nedum.
900 476 904 482 .
1001 407 1039 473 37

87 569 118 608 v.
144 570 172 624 g.
195 549 332 610 concione
355 551 456 612 audita
479 551 562 629 gravi
583 555 614 612 et
637 551 812 625 vehementi,
836 551 1043 612 exstimulante

88 649 198 725 gratia.

134 753 183 826 ⁶5.-
205 749 249 808 30.
273 749 336 808 lmo
359 749 405 808 illi
427 749 515 810 etiam
533 749 585 828 qui
601 749 764 811 Christiane
785 750 892 812 virrmt
904 770 964 812 non
981 749 1043 811 siue

88 847 206 906 auxilio
219 848 329 924 gratim,
345 867 411 908 oum
424 849 571 927 frequenti
589 850 717 911 oratione
730 853 760 911 et
773 849 967 924 meditatione,
988 851 1044 910 hoo

88 946 271 1006 desiderium
294 947 325 1006 in
347 948 448 1025 seipsis
462 949 590 1010 excitare
603 955 732 1026 possunt.
774 936 1042 1010 11116τᾶ6116ηεί-

90 1045 167 1105 bilia
181 1047 250 1106 adeo
264 1047 349 1124 proni
363 1067 471 1122 sumus,
496 1052 530 1108 at
547 1049 664 1112 nonnisi
682 1070 747 1109 cum
771 1053 876 1110 conatu
890 1049 1044 1127 studioque

88 1147 130 1205 ad
144 1145 202 1206 ista
214 1166 287 1223 pure
300 1147 464 1224 spiritualia
476 1151 507 1208 et
521 1149 751 1226 supernaturalia
774 1149 935 1226 cogitanda,
950 1149 1043 1208 multo

89 1246 189 1322 magis
219 1248 388 1324 appetenda,
421 1267 473 1307 nos
505 1247 615 1324 erigere
638 1248 788 1326 possimus.
843 1249 947 1309 Nonne
979 1247 1044 1308 ideo

90 1346 270 1406 desolatione
286 1347 413 1407 desolata
427 1351 470 1408 est
482 1347 619 1408 universa
633 1353 709 1408 terra
719 1349 787 1426 quia
800 1352 862 1410 tam
875 1347 962 1425 pauci
975 1350 1045 1407 sunt

90 1447 257 1526 quiscum
281 1447 368 1506 finem
392 1447 532 1507 ultimum
562 1468 692 1525 unquam
721 1447 912 1520 considerant,
936 1447 1042 1508 nedum
1146 1450 1158 1480 ⁸

90 1546 209 1624 assequi
223 1545 372 1623 cupiunt?

135 1651 183 1704 66.
205 1647 248 1704 40.
269 1646 335 1704 Etsi
357 1647 562 1706 concederetur
584 1645 706 1718 homini,
730 1645 782 1722 qui
805 1647 918 1705 creatus
941 1648 986 1705 est
1007 1645 1044 1704 ad

88 1746 180 1804 finem
203 1747 460 1822 supernaturalem,
488 1748 584 1808 Deum
608 1745 748 1805 indidisse
770 1744 932 1822 appetitum
956 1745 1044 1822 hujus

89 1845 161 1903 finis
174 1845 343 1919 naturalem,
359 1865 430 1904 num
453 1847 559 1906 exinde
582 1845 714 1923 sequitur
727 1845 824 1904 Deum
845 1864 903 1903 non
915 1843 1043 1921 potuisse

90 1963 160 2004 eum
174 1963 271 2004 creare
295 1945 332 2003 ad
356 1944 444 2004 finem
465 1965 537 2023 pure
558 1945 729 2020 naturalem,
754 1949 784 2006 et
805 1944 867 2005 sine
881 1943 934 2004 tali
956 1964 1043 2022 appe·

88 2043 174 2104 citu?
830 2025 836 2032 '

134 2141 182 2202 67.
218 2141 352 2220 [fraecor.
385 2150 413 2204 2.
445 2146 499 2204 Eat
522 2145 553 2204 in
574 2145 692 2206 homine
714 2144 887 2205 naturaliter
913 2142 1044 2221 potentia

91 2241 213 2300 videndi
226 2243 331 2302 Deum.
374 2244 430 2303 Sed
452 2243 600 2321 appetitus
621 2245 697 2304 tanti
718 2244 788 2304 boni
809 2244 980 2320 assequendi
993 2262 1044 2320 per

93 2361 124 2401 se
139 2346 254 2402 emanat
268 2362 305 2402 ex
319 2342 450 2420 potentia
463 2343 545 2403 illius
559 2344 740 2422 assequendi.

136 2444 183 2498 68.
205 2441 290 2519 Rasp.
311 2442 468 2518 Distinguo
492 2444 642 2521 majorem:
668 2443 802 2504 Potentia
823 2439 1042 2502 obedientialis:

93 2540 224 2600 Concedo
241 2561 248 2600 :
272 2543 486 2616 Potentiaalia,
504 2543 564 2602 sive
577 2548 685 2602 remota
699 2543 760 2602 sive
771 2541 920 2619 proxima:
937 2541 1018 2616 Nego
1035 2557 1042 2596 :

93 2641 121 2698 d.
141 2644 166 2712 l,
181 2659 211 2699 n.
227 2643 254 2712 5,
271 2642 300 2701 6.
346 2643 415 2700 “In
438 2643 554 2702 homine
578 2663 636 2701 non
660 2647 704 2702 est
727 2642 856 2718 potentia
876 2640 971 2700 activa
991 2658 1043 2697 nec

93 2740 209 2816 passiva
233 2742 377 2800 naturalis
400 2743 437 2800 ad
459 2743 601 2802 visionem
624 2741 718 2818 ipsam
740 2742 864 2814 beatem,
889 2757 983 2815 neque
1006 2738 1043 2797 ad

93 2845 226 2918 gratiam,
248 2847 380 2919 respectu
400 2843 485 2920 cujus
502 2843 556 2902 illa
575 2843 648 2903 visio
672 2847 716 2902 est
739 2842 806 2902 finis
826 2837 1041 2927 connaturalis:

93 2941 241 3018 appetitus
261 2945 359 3002 autem
381 2943 523 3003 naturalis
545 2943 677 3020 sequitur
700 2963 738 3002 ex
761 2941 892 3019 potentia
905 2938 1041 3010 naturali,

94 3061 161 3099 nam
186 3041 388 3101 obedientialis
411 3063 469 3102 non
494 3043 607 3122 sufficit,
637 3046 681 3102 est
698 3042 783 3102 enim
807 3042 890 3120 quasi
913 3037 1043 3116 potentia

93 3144 208 3199 neutra.
252 3141 326 3212 Quis
346 3142 425 3201 enim
445 3144 524 3203 dicat
543 3146 677 3202 naturam
697 3143 854 3201 humanam
871 3140 977 3198 habere
991 3157 1041 3215 ap-

92 3239 219 3316 petitum
233 3241 268 3298 ad
283 3240 420 3300 unionem
433 3242 654 3319 hypostaticam,
670 3241 785 3302 etiamsi
804 3241 910 3300 habeat
929 3237 1041 3314 capaci-

93 3343 184 3397 tatem
197 3339 416 3400 obedientialem
430 3341 517 3418 ejus?
556 3342 633 3418 Ergo
644 3343 743 3402 eadem
758 3341 869 3400 ratione
883 3358 940 3397 non
954 3337 1043 3396 habet

94 3436 191 3496 anima
203 3439 330 3498 humana
343 3441 506 3500 naturalem
526 3441 690 3518 appetitum
711 3442 747 3499 ad
767 3439 890 3516 gratiam
912 3434 1039 3495 sanctifi·

93 3541 224 3610 cantem;
247 3558 314 3614 ergo
328 3559 423 3616 nequa
444 3541 481 3599 ad
501 3541 625 3600 virtutes
645 3560 697 3617 per
711 3559 740 3598 se
753 3539 882 3606 infusas3
907 3554 974 3612 ergo
988 3553 1041 3592 neo

92 3637 128 3696 ad
142 3639 223 3696 actua
236 3657 344 3711 earum,
369 3640 520 3717 multoque
544 3639 641 3699 minus
664 3640 701 3699 ad
724 3647 821 3698 actum
835 3635 954 3696 visionis
974 3633 1038 3706 Dei,
