2442 4308
170 399 234 479 386
546 391 601 457 Dc
619 387 750 456 Gratata.
953 381 1061 470 [mer.
1078 400 1128 446 ιιι.

169 559 403 622 communisimo:
425 559 453 617 d.
473 562 518 631 10,
533 578 562 618 n.
579 556 642 633 81),
657 549 769 630 nempe,
787 557 806 587 “
818 551 842 611 si
854 567 1082 628 perseveravero
1095 546 1127 606 in

169 658 285 720 finem.’'
319 660 360 718 Et
372 659 426 716 hoo
435 658 509 716 mihi
521 658 608 732 longe
621 652 799 732 probabilius
809 670 870 712 esse
882 650 1002 710 videtur
1018 667 1026 708 :
1051 645 1131 725 quod

170 760 249 821 enim
271 760 301 819 S.
315 757 428 817 Paulus
441 758 477 816 de
490 757 583 833 seipso
604 755 727 813 affirmat
740 753 840 813 eodem
859 752 944 811 modo
964 755 996 810 et
1010 751 1052 810 de
1067 749 1134 808 aliis

171 859 295 921 affirmat
307 862 377 918 :-“
389 854 527 932 Reposita
536 859 580 914 est
586 853 660 912 mihi
669 871 772 912 corona
776 850 912 929 justitia,
924 869 1015 928 quam
1027 847 1137 908 reddet

171 957 246 1018 mihi
258 956 401 1018 Dominus
420 955 452 1014 in
471 953 524 1012 illa
544 952 591 1012 die
612 953 712 1028 justus
729 950 839 1028 judex5
861 947 1024 1008 conectam
1048 945 1133 1018 miti,

173 1057 220 1117 sed
231 1060 258 1116 ct
271 1055 309 1116 c'c‘e
322 1054 373 1134 qui
385 1052 509 1132 diluunt
522 1052 667 1110 meatum
680 1050 769 1124 ciues

214 1161 241 1217 9.
262 1160 302 1214 2⁰.
323 1153 389 1214 Etsi
402 1153 605 1214 concederetur
616 1151 646 1210 S.
659 1149 750 1210 Panlo
764 1149 902 1210 revelatio
910 1150 990 1210 facta
1003 1147 1137 1226 praedes-

174 1252 326 1316 tinetionis
345 1270 414 1326 sue,
429 1250 514 1310 valde
532 1248 721 1326 improbabile
739 1253 784 1308 est
803 1267 870 1308 eum
889 1247 973 1306 illam
987 1247 1139 1324 accepisse

176 1370 234 1431 quo
247 1356 376 1428 tempore
390 1350 497 1428 scripta
510 1353 554 1408 est
566 1349 630 1408 haec
645 1347 767 1426 epistola
780 1347 817 1406 ad
831 1346 1003 1422 Corinthios
1015 1347 1136 1423 prima:

177 1456 235 1511 tom
256 1449 358 1528 quiin
380 1449 433 1508 illa
454 1448 517 1526 ipsa
534 1447 676 1525 Epistola,
696 1446 739 1506 ix.
756 1449 803 1520 27,
827 1447 903 1505 clare
925 1445 1086 1522 significat
1109 1463 1139 1502 se

177 1554 288 1612 certum
308 1568 363 1608 non
385 1547 475 1608 firisse
495 1547 530 1608 de
551 1566 604 1606 sua
623 1547 716 1609 salute
731 1549 922 1606 aetema:-“
934 1543 1059 1622 Castigo
1073 1564 1137 1604 cor·

176 1670 233 1729 pus
252 1668 358 1718 meum,
380 1652 411 1708 et
432 1647 465 1708 in
485 1646 656 1708 servitutem
675 1645 791 1724 redigo:
814 1664 852 1704 ne
871 1645 954 1718 forte,
977 1665 1049 1704 cum
1072 1644 1140 1704 aliis
1208 1703 1209 1730 ἶ

178 1747 404 1828 praedicaverim,
425 1746 487 1824 ipse
505 1747 644 1824 reprobus
663 1744 800 1806 efficiar.”
844 1745 917 1802 licm
930 1743 1002 1822 qnia
1021 1763 1139 1804 summe

178 1847 365 1926 improbabile
384 1850 429 1905 est
448 1844 590 1923 ejusmodi
609 1843 731 1920 gratiam
749 1843 819 1902 adeo
832 1843 1098 1904 extraordinariam
1112 1841 1138 1901 ei
1208 1865 1209 1882 ι

179 1948 276 2006 datam
295 1965 356 2006 esse
377 1944 435 2004 nisi
457 1963 545 2022 prope
567 1944 655 2002 finem
670 1943 748 2016 vitae,
774 1962 861 2002 cursu
881 1943 945 2020 ejus
964 1942 1137 2019 Apostolieo

179 2047 393 2106 consummato:
415 2063 473 2122 quo
494 2048 621 2122 tempore
635 2041 743 2120 scripta
755 2045 798 2102 est
812 2043 868 2118 Ep.
884 2041 921 2102 ad
934 2041 1135 2114 Timotheum,

179 2147 216 2203 ut
226 2146 337 2202 constat
347 2162 386 2202 ex
395 2161 469 2202 vers.
485 2147 513 2216 6,
529 2142 556 2215 7,
572 2141 681 2202 ibidem
690 2146 761 2202 :·-“
769 2141 832 2218 Ego
846 2140 924 2202 enim
933 2140 998 2220 jam
1012 2141 1135 2210 delibor,

180 2245 212 2304 et
223 2244 339 2319 tempus
351 2240 534 2302 resolutionis
547 2260 619 2300 meae
632 2240 723 2300 instat
742 2283 751 2302 .
771 2282 779 2299 .
800 2283 809 2300 .
831 2283 839 2299 .
860 2259 978 2300 cursum
999 2259 1136 2300 consum·

180 2339 290 2402 mavi.''
330 2343 349 2401 J
350 2359 464 2400 amvero
477 2344 587 2400 certum
600 2344 645 2400 est
658 2341 712 2417 Ep.
730 2344 741 2398 1
756 2340 793 2398 ad
813 2340 877 2401 Cor.
892 2338 1031 2418 scriptam
1046 2339 1137 2398 fuisse

182 2438 383 2518 (probabiliter
399 2437 546 2516 loannis)
561 2440 627 2498 ante
640 2439 697 2515 Ep.
716 2439 752 2497 ad
766 2437 893 2498 Timoth.

225 2542 271 2598 10.
294 2537 336 2597 30.
356 2536 422 2598 Etsi
444 2536 569 2614 denique
590 2537 793 2598 concederetur
807 2538 837 2596 S.
852 2536 977 2598 Paulum
991 2536 1148 2616 accepisse,

182 2635 387 2698 revelationem
406 2655 465 2696 non
487 2636 583 2696 solum
606 2654 666 2696 suae
693 2635 953 2712 predestinationis
972 2636 1024 2720 sed
1045 2636 1136 2696 etiam
1207 2641 1208 2646 ’

183 2753 244 2796 sure
259 2733 487 2813 justificationis,
508 2745 538 2795 et
558 2734 590 2794 id
608 2738 675 2794 ante
695 2734 835 2812 scriptum
847 2717 963 2794 textum
976 2733 1064 2794 illum
1078 2736 1134 2812 Ep.

183 2835 221 2895 ad
234 2833 307 2908 Gon,
329 2833 388 2893 dici
406 2837 502 2911 potest
518 2853 585 2894 eum
605 2853 635 2893 se
652 2833 695 2893 ibi
711 2853 769 2895 non
782 2816 949 2894 exhibuisse
962 2840 997 2893 ut
1014 2835 1070 2894 sub
1083 2834 1136 2894 illa

182 2931 365 3012 providentia
377 2932 617 3004 extraordinaria,
631 2933 681 2994 sed
693 2938 810 2995 tanturn
823 2935 876 2994 sub
890 2932 1045 3006 ordinaria,
1060 2939 1091 2994 et
1103 2937 1136 2993 ut

183 3031 350 3108 exemplum
361 3031 493 3092 omnibus
503 3051 653 3092 commune
666 3053 672 3093 :
694 3034 782 3112 quod,
795 3033 919 3110 quodam
929 3033 982 3092 sub
990 3038 1133 3110 respectu,

183 3150 284 3193 revera
296 3129 374 3204 fecit,
386 3135 422 3190 ut
435 3136 547 3192 constat
560 3151 598 3192 ex
610 3152 684 3193 vers.
699 3132 718 3192 6
731 3139 802 3192 :-“
811 3133 884 3192 Haeo
898 3135 1004 3204 autem,
1020 3133 1133 3206 fratres,

184 3230 391 3308 transfiguravi
405 3229 437 3289 in
449 3250 496 3291 me
509 3234 540 3291 et
552 3229 686 3310 Apollo.''

225 3333 272 3389 11.
295 3328 478 3406 objectiones
503 3334 603 3390 contra
622 3317 858 3408 Propositionem.
900 3329 1136 3406 Quamplurimcs

123 3415 126 3422 ¹
185 3435 286 3490 textus
299 3447 337 3488 ex
358 3429 387 3488 S.
403 3428 554 3506 Scriptura
574 3415 732 3507 congerunt
751 3430 908 3490 adversarii
921 3428 957 3487 ad
973 3448 1055 3488 suam
1069 3429 1134 3488 doc·

184 3530 291 3590 trinam
312 3526 491 3587 firmandam.
533 3531 688 3606 Improbus
708 3533 782 3588 esset
801 3530 882 3588 labor
900 3529 1072 3600 hosomnes‚
1088 3527 1134 3586 vel

184 3631 271 3694 etiam
283 3631 434 3708 plerosque
445 3648 552 3701 eorum,
566 3629 613 3686 hio
622 3629 747 3705 proferre
758 3631 788 3688 et
798 3628 853 3688 rite
864 3647 1004 3688 enarrare.
1041 3627 1132 3696 Quos·
