2424 4300
40 402 146 448 nise.
171 383 253 470 v1.]
304 386 359 450 De
377 378 497 451 Gratata
512 381 603 452 Med.
620 394 682 454 arat
694 387 908 476 Eleu—neg.
982 411 1040 473 175

40 570 113 608 non
131 555 188 610 est
206 569 255 610 ex
270 552 328 612 fide
342 553 504 628 theologica
523 554 638 614 infusa:
663 557 755 633 Nego.
799 559 827 616 S.
844 559 968 615 Paulum
983 577 1041 615 non

45 651 88 709 de
104 651 174 714 hac
191 651 256 710 sed
270 653 305 711 de
317 651 371 712 illa
390 654 447 712 fide
468 655 549 730 loqui
561 659 642 731 patet
656 677 694 714 ex
710 658 940 733 praecedentibus
953 657 1041 716 etiam

44 751 82 808 in
99 751 226 810 eodem
243 753 388 812 versiculo
403 759 474 811 :—“
486 753 544 820 oui
559 759 655 814 autem
677 756 816 814 discernit
831 755 942 834 [cibum
955 756 1040 814 illici·

47 856 124 908 tum
142 871 164 910 a
179 850 387 911 licito-licet
408 852 480 911 falso
504 852 547 911 ita
568 854 715 928 discernit,
732 875 798 914 cum
807 855 869 931 jam
890 855 990 913 nullus
1005 857 1042 912 sit

46 949 146 1009 cibus
163 951 322 1032 illicitus]
337 951 361 1010 si
374 952 592 1013 manducaverit
614 953 727 1034 [cibum
748 975 834 1032 quem
845 955 961 1031 judicat
981 973 1040 1012 esse

49 1048 250 1131 illicitum]‚
268 1052 420 1112 damnatus
434 1057 490 1112 cst:
514 1054 655 1130 quianon
670 1076 707 1114 ex
721 1056 778 1114 fide
793 1053 878 1133 [quia
892 1075 949 1112 non
960 1073 1038 1112 man·

50 1149 155 1210 ducat
172 1171 219 1210 ex
237 1153 433 1228 persuasione,
458 1175 488 1208 εκ
503 1177 631 1225 aruceus,
648 1155 725 1231 quod
739 1155 825 1213 liceat
837 1152 1037 1232 manducare]

54 1249 162 1310 Omne
178 1255 287 1310 autern
303 1251 320 1281 '’
344 1253 394 1312 &a
410 1256 551 1330 utsupra.
762 1255 764 1260 ’

102 1356 158 1409 56.
199 1351 310 1429 object
338 1357 364 1412 6.
389 1353 525 1412 “Omnia
546 1354 656 1412 munda
677 1353 811 1412 mundis:
845 1353 1040 1429 coinquinatis

58 1457 170 1510 alitem
200 1456 237 1510 et
260 1451 428 1510 infidelibus
449 1452 525 1510 nihil
548 1457 592 1520 est
614 1453 776 1510 mundum:
809 1453 858 1509 scd
879 1453 1039 1528 inquinatae

59 1555 137 1608 sunt
164 1534 277 1610 eorum
295 1556 330 1610 ct
350 1571 432 1610 mens
445 1556 475 1610 ct
488 1551 692 1612 conscientia.''
716 1552 774 1610 Tit.
789 1551 808 1608 i.
829 1556 872 1608 15.
917 1551 948 1610 Si
964 1551 1038 1608 nihil

61 1648 252 1712 infidelibus
275 1651 416 1710 mundum
439 1655 491 1724 est,
515 1671 582 1728 ergo
603 1652 718 1709 nullum
741 1653 848 1709 bonum
869 1652 961 1709 facere
975 1671 1038 1726 pos·

62 1753 149 1806 sunt.

110 1849 163 1908 57.
189 1851 279 1925 Resp.
305 1851 343 1910 10.
366 1849 450 1910 Sicut
462 1849 579 1908 mundis
600 1849 697 1908 omnia
709 1848 751 1907 ita
765 1851 874 1906 munda
888 1868 945 1915 non
960 1850 1035 1918 sunt,

66 1951 104 2006 ut
130 1949 301 2026 aliquando
320 1969 378 2008 non
400 1949 558 2008 admittant
579 1955 696 2026 peccata
716 1949 857 2021 venialia;
880 1950 922 2006 ita
943 1953 971 2005 ct
985 1947 1037 2004 im-

70 2049 197 2108 mundis
221 2069 281 2108 non
305 2050 403 2109 omnia
426 2050 469 2109 ita
490 2049 641 2108 immunda
663 2054 740 2122 sunt,
758 2049 960 2126 utaliquando
981 2068 1037 2105 non

69 2148 187 2208 faciant
211 2167 302 2226 opera
324 2151 400 2208 bona
422 2147 559 2220 faciliora,
583 2149 626 2207 2⁰.
647 2151 782 2224 Increpat
803 2149 850 2206 hic
873 2148 902 2206 S.
931 2147 1039 2204 Paulus

72 2245 262 2308 Christianos
281 2249 477 2322 Judaizantes‚
503 2252 538 2307 ut
553 2249 739 2308 manifestum
762 2255 806 2308 ast
830 2269 867 2306 ex
890 2247 1040 2306 versiculis

71 2343 251 2408 immediate
274 2349 511 2425 praecedentibus,
540 2353 645 2408 10-14.
694 2347 760 2406 Etsi
783 2348 959 2405 mentionem
981 2367 1038 2404 non

75 2443 167 2506 faciat
181 2447 355 2525 explicitam
373 2448 465 2506 ullius
478 2447 582 2506 fabulae
596 2448 614 2506 J
618 2447 726 2505 udaicae
742 2447 772 2502 in
786 2447 963 2522 particulari,
980 2445 1040 2502 sina

76 2544 167 2604 dubio
183 2551 292 2620 tamon,
309 2547 341 2605 in
361 2567 435 2606 vers.
455 2550 489 2607 15
511 2547 631 2622 objecto,
648 2547 684 2604 ad
698 2546 783 2604 istam
804 2545 1039 2621 superstitionem

78 2643 198 2718 alludit,
229 2665 294 2724 quae
322 2647 462 2724 quosdam
490 2647 568 2704 cibos
595 2644 699 2716 vetuit,
729 2645 776 2703 vel
797 2649 937 2720 tanquam
958 2645 990 2703 in
1010 2665 1040 2704 sc

79 2742 258 2818 immundos,
282 2746 330 2807 vel
353 2751 470 2823 propter
487 2745 676 2804 interdictum
701 2745 774 2820 legis
799 2744 907 2802 vetoris
931 2745 961 2800 in
983 2744 1038 2802 hoc

82 2843 177 2904 adhuc
191 2845 313 2922 ligantis
333 2849 386 2906 aut
406 2845 572 2904 traditionis
583 2864 654 2921 pure
668 2845 818 2902 humanae:
843 2864 930 2920 quarn
942 2864 1038 2921 supcr-

83 2943 235 3006 stitionem
259 2945 329 3005 alibi
352 2965 411 3004 non
433 2944 522 3004 semel
546 2946 618 3004 dura
642 2945 811 3004 insectatur.
855 2945 960 3003 Sensus
974 2964 1040 3020 ergo

84 3046 136 3118 est,
152 3045 336 3119 Christianis,
359 3045 411 3123 qui
433 3050 541 3104 norunt
563 3047 677 3104 nullum
702 3065 762 3104 esse
787 3047 884 3104 cibum
905 3049 956 3102 aut
969 3044 1000 3101 in
1012 3063 1040 3101 sc

84 3139 270 3204 immundum
291 3149 342 3204 aut
362 3149 397 3204 ut
417 3145 459 3203 sic
472 3165 490 3204 a
503 3147 565 3204 Deo
579 3145 771 3222 prohibitum,
796 3145 890 3203 omnis
905 3144 986 3202 cibus
998 3158 1041 3202 cst

86 3244 219 3305 mundus.
261 3243 487 3305 dudainantibus
500 3246 600 3304 nullus
614 3254 656 3304 est
671 3246 753 3304 cibus
766 3245 910 3303 mundus:
935 3243 1042 3301 etenim

89 3347 232 3418 “putant,
252 3345 342 3423 juxta
355 3345 429 3422 legis
450 3346 586 3405 Mosaicae
608 3346 821 3423 praescriptum,
848 3344 903 3402 sibi
925 3363 1042 3400 acarna

90 3441 182 3516 suilla,
197 3465 223 3503 v.
239 3466 277 3522 g.,
294 3445 515 3504 abstinendum:
539 3445 587 3503 vel
610 3465 676 3522 ergo
699 3445 847 3503 abstinent
871 3445 906 3501 ab
931 3441 990 3514 illa,
1013 3447 1043 3500 ct

92 3539 130 3598 sic
143 3548 240 3604 contra
258 3545 327 3603 fidei
349 3544 503 3604 veritatem
526 3553 647 3622 peccant
672 3543 895 3620 superstitionc3
918 3542 964 3598 vel
984 3561 1043 3598 non

92 3639 243 3720 abstinent,
265 3649 295 3706 et
322 3643 363 3706 sic
387 3649 509 3724 peccant
530 3661 629 3706 contra
650 3644 856 3704 conscientiam
884 3644 1042 3700 dictantem
