2424 4300
73 440 155 486 nrsr.
171 422 230 506 ru]
280 382 336 486 Dc
352 422 472 487 Gratair
487 424 710 523 Madiama:
723 430 874 514 postlavo.
967 456 1024 521 103

72 588 160 647 etiam
173 607 225 664 per
238 606 268 647 se
281 588 405 662 elevans,
431 590 475 662 40,
499 591 619 651 evitatio
640 596 770 655 omnium
784 598 941 659 venialium
955 623 961 673 ;
986 601 1025 675 ⁵⁰,

72 687 293 764 perseverantia.

113 792 140 845 4.
162 787 206 847 De
219 787 314 847 tribus
334 787 478 865 prioribus
499 790 561 850 haec
586 793 712 853 notanda
734 799 817 857 sunt.
860 799 959 860 Sermo
983 806 1027 862 est

69 888 119 947 hic
132 890 245 947 tantum
260 889 295 947 dc
309 887 448 964 religione
462 892 590 952 naturali
604 897 799 972 cognoscenda
812 900 842 958 et
854 898 1010 976 implenda.

111 993 139 1049 5.
160 990 197 1048 In
211 989 397 1050 tractatude
421 991 574 1068 Religione
595 996 735 1071 probatur
755 999 911 1059 necessitas
925 1002 1026 1078 gratiae

68 1088 254 1150 revelationis
277 1091 315 1150 ad
332 1094 440 1150 certam
464 1096 552 1170 atque
572 1092 717 1172 integram
741 1097 934 1175 cognitionem
957 1103 1026 1161 reli-

68 1188 163 1266 gionis
176 1189 335 1250 naturalis:
358 1191 418 1250 haec
432 1211 499 1268 ergo
513 1193 634 1271 quaestio
648 1194 697 1254 hic
710 1199 952 1273 praetermittitur.

111 1294 138 1348 6.
160 1289 240 1366 Opus
254 1292 376 1349 arduum
391 1295 527 1368 praestare
541 1297 570 1354 et
584 1293 728 1372 impetum
749 1297 845 1372 gravis
855 1300 1026 1360 tentationis

68 1389 211 1450 sustinere
233 1410 265 1450 re
293 1389 371 1450 idem
394 1394 486 1464 sunt3
515 1393 616 1452 saltem
642 1396 719 1471 quod
755 1397 791 1454 od
820 1403 1026 1472 argumentum

65 1509 196 1568 praesens
217 1489 362 1568 pertinet:
390 1491 538 1552 Sannina.
566 1493 594 1552 d.
620 1499 647 1567 2,
671 1497 913 1567 n.172‚infine.
956 1500 1026 1558 Ideo

66 1591 147 1648 enim
169 1608 241 1666 opus
261 1589 378 1667 aliquod
401 1590 475 1648 mihi
497 1592 620 1650 arduum
646 1603 698 1665 est,
724 1597 793 1671 quia
814 1599 849 1654 ad
872 1598 947 1655 illud
967 1617 1026 1657 non

63 1689 263 1768 praestandum
285 1709 332 1748 me
357 1693 409 1748 aut
432 1689 565 1750 diabolus
581 1697 632 1750 aut
654 1695 781 1752 mundus
805 1700 950 1769 catomo,
973 1704 1026 1757 aut

64 1789 165 1850 omnia
178 1789 274 1859 simul,
288 1789 475 1849 vehementer
494 1796 609 1867 urgent.
652 1795 718 1851 Nou
740 1798 784 1852 est
808 1815 880 1872 opus
901 1815 968 1873 ergo
989 1799 1024 1856 de

63 1888 205 1966 operibus
218 1889 318 1948 arduis
333 1909 460 1949 seorsum
474 1893 607 1956 tractare,

110 1992 138 2056 7.
168 1990 241 2050 Fere
270 1989 348 2049 idem
378 1991 533 2051 dicendum
554 1993 589 2052 de
624 1993 804 2053 observantia
824 1995 915 2055 totius
939 1997 1020 2072 legis.

62 2090 232 2150 Difficultas
247 2093 323 2150 enim
339 2091 471 2151 servandi
484 2093 649 2153 universam
660 2095 754 2170 legem
770 2100 813 2155 est
827 2096 875 2154 rel
891 2095 930 2169 1⁰,
949 2098 1025 2156 diffi-

62 2191 161 2250 cultas
175 2190 306 2250 serrandi
321 2191 375 2249 hoa
393 2191 442 2250 vel
463 2191 538 2250 illud
559 2196 737 2270 preceptum
763 2198 865 2271 utpote
887 2194 919 2252 in
934 2215 963 2255 se
977 2216 1022 2255 ar·
1079 2239 1082 2244 ·

62 2291 169 2363 duum,
196 2293 225 2349 et
245 2290 364 2368 praecisa
392 2291 584 2352 multitudine
616 2296 825 2370 praceptorum
849 2293 972 2354 aliorum
995 2301 1025 2354 et

61 2389 261 2450 diuturnitate
284 2391 421 2468 temporis
442 2410 494 2469 per
516 2391 594 2468 quod
607 2397 714 2468 urgent
729 2397 895 2470 praecepta3
917 2395 1023 2468 ve120,

60 2512 104 2553 ex
117 2490 182 2568 ipse
206 2490 396 2550 multitudine
422 2495 642 2570 praceptorum,
679 2491 769 2551 altero
799 2497 864 2570 post
898 2494 1022 2552 alterum

58 2591 294 2668 urgente-ipsa
307 2591 386 2650 enim
398 2590 559 2650 multitudo
583 2596 602 2625 “
613 2595 701 2668 auget
714 2611 766 2668 per
779 2613 809 2652 se
823 2593 1024 2652 difficultatem

58 2694 200 2768 respectu
212 2691 349 2768 potentiae
359 2690 508 2750 variabilis
522 2693 552 2750 et
563 2690 737 2750 defectibilis
746 2692 763 2720 '’
781 2692 886 2770 (Sana.
895 2712 923 2752 n.
938 2694 1021 2767 159);

59 2792 116 2852 vel
130 2791 173 2864 3⁰,
188 2809 226 2850 ex
240 2790 432 2850 diuturnitate
446 2791 585 2868 temporis
605 2810 662 2868 quo
678 2792 817 2850 servanda
831 2795 875 2851 est
888 2791 936 2849 lex
948 2812 955 2862 3
977 2791 1025 2849 rel

60 2894 110 2966 40,
128 2911 167 2950 ex
176 2890 223 2949 his
236 2890 407 2968 conjunctis.
448 2890 612 2950 Difficultas
635 2909 701 2968 quae
726 2891 819 2951 oritur
838 2911 876 2950 ex
889 2890 991 2950 muttit
1015 2925 1025 2934 ·

60 2993 137 3053 dine
150 2995 360 3069 proeceptorum
380 2993 431 3049 aut
445 3010 483 3050 ex
497 2990 690 3051 diuturnitate
710 2991 767 3051 ista
787 2996 838 3052 aut
852 3012 889 3052 ex
902 2995 1026 3068 utraque

58 3091 164 3164 simul,
189 3091 245 3150 etsi
267 3090 364 3166 aliquo
387 3091 471 3149 modo
490 3094 520 3150 et
542 3091 731 3151 materialiter
751 3112 767 3150 a
789 3092 959 3151 difficultate
985 3111 1023 3149 ex

58 3191 153 3269 gravi
164 3191 324 3252 tentatione
338 3194 401 3249 orta
415 3190 557 3267 distingui
578 3191 677 3268 possit,
698 3212 798 3252 revera
818 3197 847 3251 et
867 3191 1027 3250 formaliter

58 3293 170 3352 eadem
190 3297 242 3362 est,
268 3295 319 3350 aut
337 3291 439 3350 saltem
462 3290 490 3348 ei
509 3290 670 3368 aequivalet.
730 3291 864 3351 Molestia
891 3289 969 3352 enim
998 3301 1028 3352 et

57 3391 227 3463 fastidium,
240 3409 305 3468 quae
320 3410 357 3448 ex
382 3389 572 3449 multitudine
592 3393 799 3466 praeceptorum
820 3392 870 3446 aut
893 3387 1029 3464 temporis

57 3490 262 3551 diutumitete
283 3490 425 3560 oriuntur,
451 3494 481 3547 et
504 3488 715 3548 observantiam
743 3487 816 3562 legis
846 3486 1022 3562 impediunt,

59 3591 142 3669 quid
156 3590 236 3649 aliud
250 3594 318 3648 sunt
328 3607 414 3666 quarn
428 3588 552 3647 tentatio
563 3608 600 3646 ex
614 3587 785 3646 infirmitate
800 3586 893 3644 carnis
904 3585 1024 3659 (Matth.

55 3689 152 3754 xxvi.
169 3690 236 3768 41):
258 3693 292 3748 ut
307 3688 331 3748 si
345 3689 412 3772 quis
425 3689 502 3748 inter
517 3688 657 3754 orandum
679 3685 913 3750 distractionibus
933 3683 1024 3770 impe·
