2408 4304
190 417 254 506 456
560 409 616 480 De
634 409 767 479 Gratia.
982 409 1082 497 [nisa.
1098 431 1157 479 xri.

192 605 250 666 quo
264 581 319 645 sibi
333 581 462 644 obtinere
476 581 571 660 potest
584 598 591 640 ε
606 597 637 639 n.
649 583 717 654 161,
732 583 796 654 &c.,
813 583 845 640 et
859 598 977 656 semper
989 579 1159 648 suhbihser,

194 692 236 752 30.
259 687 356 750 Simili
368 688 453 750 modo
475 690 570 765 potest
590 707 642 765 pro
666 687 723 746 alio
746 687 981 748 obtineretbona
994 686 1163 766 temporalis

193 793 230 854 ad
244 791 369 851 salutem
383 789 480 850 utilia.
669 807 672 814 ’

237 893 301 952 178.
325 887 366 952 4⁰.
387 890 488 954 Potest
501 887 589 948 etiam
610 908 662 965 pro
683 888 740 948 alio
754 889 788 947 in
801 891 921 967 peccato
942 888 1106 959 existente,
1121 888 1165 948 sed

194 991 367 1062 tallibiliter,
404 991 528 1067 primam
561 989 686 1066 gratiam
719 990 866 1050 actualem
895 989 988 1050 etiam
1023 989 1164 1050 efficacem

196 1110 314 1152 merere.
355 1090 421 1150 Hoc
444 1089 538 1161 modo,
564 1089 723 1148 secundum
744 1090 864 1162 multos,
880 1089 911 1149 S.
929 1090 1108 1168 Stephanus
1122 1092 1165 1149 ob

199 1193 288 1255 tinuit
307 1191 521 1253 conversionem
536 1190 566 1251 S.
589 1190 685 1264 Pauli,
709 1195 739 1250 et
763 1191 975 1252 Sidonicas.
992 1193 1165 1270 Augustini
1188 1215 1189 1242 1

120 1283 126 1292 ’
199 1295 263 1356 Imo
286 1311 386 1354 censeo
407 1293 462 1352 boe
485 1310 545 1352 esse
565 1291 651 1350 valde
677 1310 839 1366 commune,
864 1295 896 1352 et
916 1292 1072 1370 quoddam
1093 1294 1165 1353 ordi·
1188 1281 1189 1320 ³

192 1393 315 1467 narium,
330 1389 460 1454 medium
473 1411 490 1452 a
503 1393 565 1452 Dec
579 1392 780 1462 constitutum,
805 1413 865 1471 qao
878 1397 1057 1470 peccatores
1070 1394 1165 1454 fideles
1188 1413 1189 1444 2

136 1554 141 1565 ,
194 1495 231 1554 ad
240 1493 489 1572 justificationem,
511 1494 541 1552 et
555 1491 709 1552 acatholici
723 1493 761 1551 ad
774 1493 873 1566 fidem,
895 1493 1068 1555 ducantur:
1095 1495 1165 1572 quod

195 1597 306 1654 constat
319 1613 356 1652 ex
366 1591 454 1651 variis
463 1591 534 1650 locis
547 1591 709 1669 Scripturas
720 1593 808 1670 (Gen.
821 1591 909 1650 xviii.
920 1598 970 1659 23,
983 1596 1037 1655 &c
1049 1615 1105 1655 xx.
1122 1595 1164 1665 173
1188 1651 1189 1660 ,

195 1693 289 1752 Exod.
304 1692 402 1752 xxxii.
420 1696 534 1763 11-14;
557 1691 646 1751 Num.
672 1691 734 1752 xvi.
757 1695 877 1766 44-483
898 1693 968 1765 Job‚
986 1695 1057 1755 xlii.
1075 1695 1163 1766 7-1o;

198 1795 212 1852 1
229 1793 303 1852 Tim.
317 1791 348 1852 ii.
369 1797 424 1851 1-3
440 1815 449 1864 ς
474 1792 573 1850 Jacob.
587 1811 617 1850 v.
636 1795 691 1862 16;
709 1793 785 1870 dc),
807 1812 845 1850 ex
859 1794 998 1869 precibus
1012 1796 1051 1853 ab
1066 1796 1162 1854 Eccle-

195 1890 239 1951 sia
264 1891 401 1968 probatis,
427 1911 464 1950 ex
489 1909 576 1948 sensu
600 1895 630 1949 et
654 1909 709 1948 usu
729 1891 891 1950 universali
903 1891 1055 1953 fidelium.
1098 1895 1160 1955 vid.

197 1993 236 2051 A.
258 1989 427 2051 harmain
450 1991 548 2050 Jacob.
571 1989 591 2048 l.
610 2009 634 2052 c.
657 1990 687 2051 S.
703 1992 893 2064 Anaaoasus,
920 1992 1021 2068 Selva,
1047 2014 1116 2074 pars
1139 2000 1159 2067 l,

196 2110 221 2150 c.
238 2095 266 2162 9,
280 2110 310 2151 n.
328 2095 377 2154 27.
1013 2157 1017 2164 .

240 2190 305 2250 179.
328 2191 485 2249 “Adverto
508 2199 608 2248 tamen
627 2209 686 2249 non
709 2210 792 2268 posse
810 2193 927 2268 justum
950 2194 1061 2254 mereri
1084 2193 1162 2254 alteri

196 2289 320 2366 primam
334 2289 456 2366 gratiam
469 2289 650 2350 habitualem
665 2291 840 2364 immediate,
857 2297 888 2352 et
901 2291 965 2352 sine
978 2296 1095 2372 praevia
1109 2297 1161 2354 dis·

198 2389 338 2465 positione
365 2389 525 2449 sufficiente
551 2389 583 2448 in
617 2390 727 2463 adulto,
757 2391 805 2449 vel
833 2391 897 2452 sine
924 2399 1108 2454 sacramento
1134 2395 1161 2454 in

168 2522 172 2530 -
198 2490 338 2565 parvulo:
361 2489 431 2566 quia
453 2489 507 2547 hoo
529 2493 574 2547 est
605 2494 704 2548 contra
727 2491 902 2550 ordinariam
920 2493 1018 2568 legem
1041 2495 1108 2560 Dei.
1132 2513 1160 2552 ac

199 2591 319 2666 proinde
334 2590 416 2667 quasi
431 2590 636 2658 miraculosum
650 2593 682 2648 in
697 2592 797 2650 ordine
813 2594 946 2668 gratioe.'’
968 2596 1092 2666 Susura,
1105 2597 1125 2654 l
1140 2616 1160 2655 c.

200 2708 229 2748 n.
244 2694 292 2747 21.
334 2689 453 2748 Obtinet
476 2709 543 2764 ergo
569 2691 701 2763 mediate,
724 2692 881 2750 obtinendo
898 2695 1009 2768 gratias
1024 2698 1157 2754 actuales.

201 2791 310 2848 Eodem
324 2791 408 2848 modo
422 2795 517 2866 potest
526 2791 624 2868 justus
644 2813 695 2869 pro
710 2793 768 2850 ulio
779 2794 860 2870 justo
875 2796 1009 2855 obtinere
1023 2817 1158 2872 augmen·

201 2899 264 2949 tum
284 2891 395 2967 gratita,
411 2891 592 2967 impetrando
616 2893 724 2968 gratias
745 2895 880 2966 actuales,
896 2896 1007 2972 quibus
1019 2897 1068 2956 hic
1081 2897 1158 2955 exci-

202 2994 281 3048 tetur
293 2996 323 3049 et
336 2990 492 3067 adjuvetur
505 2991 542 3049 ad
556 3011 642 3069 opera
657 2993 804 3052 meritoria
817 2995 960 3057 facienda.

244 3092 309 3146 180.
332 3088 470 3164 Theologi
488 3109 546 3148 non
568 3111 680 3168 semper
701 3093 771 3152 satis
792 3094 867 3152 clare
881 3095 1154 3171 distimguuntiutcr

202 3188 339 3246 meritum
363 3195 393 3246 et
414 3188 664 3265 impetrationem:
688 3195 719 3252 et
742 3212 840 3252 revera
860 3213 913 3270 pro
927 3196 1013 3270 praxi
1026 3193 1099 3254 haud
1112 3195 1149 3252 ita

202 3288 300 3346 refert
356 3287 400 3344 De
428 3287 483 3346 ista
518 3308 586 3348 vero
614 3290 801 3351 distinctione
836 3294 898 3352 haee
924 3295 1053 3353 notanda
1077 3299 1146 3353 sunt.

206 3387 244 3446 1⁰.
267 3388 347 3464 Opus
371 3391 466 3464 potest
490 3408 550 3448 esse
574 3390 814 3468 impetratorium‚
841 3395 928 3454 etiam
951 3395 1149 3467 infallibiliter,

203 3485 265 3544 sine
291 3485 349 3543 ullo
372 3485 475 3545 merito
497 3489 649 3564 condigno,
675 3496 710 3550 ut
733 3492 764 3550 in
785 3495 1054 3570 causupeccatoris,
1068 3495 1147 3568 infra,

203 3604 231 3642 n.
249 3589 361 3658 lar-33
384 3583 442 3644 imo
457 3586 518 3646 sine
532 3588 593 3646 ullo
607 3590 710 3650 merito
724 3593 809 3652 etiam
824 3613 957 3670 congruo,
974 3595 1074 3671 quales
1086 3601 1150 3654 sunt

204 3684 344 3760 orationes
359 3685 529 3747 Sanctorum
549 3707 620 3766 quas
634 3690 695 3750 Deo
709 3711 760 3772 pro
774 3693 857 3753 nobis
871 3693 1017 3754 adhibent.
1056 3694 1144 3775 Impe·
