2410 4318
163 463 224 540 ιιι
526 461 582 534 Dc
598 457 728 536 Gratia.
956 459 1135 558 [nasum.

165 637 202 698 nd
225 633 365 700 serrantia
387 636 539 715 praerepta.
594 633 635 694 ιο.
657 631 773 695 Pariter
797 631 862 695 aine
893 627 992 696 dubio
1014 633 1135 716 quidam

165 763 265 806 eorum
284 741 430 820 recipiunt
443 739 567 818 gratiam
577 758 637 800 non
646 741 762 800 tantum
772 738 974 802 sufficientem
983 742 1038 802 sed
1053 741 1138 802 etism

167 846 308 906 effioaoem
322 845 358 904 ad
372 841 604 904 conversionem:
626 843 729 901 notam
743 843 789 902 ιιι
804 840 885 900 enim
907 843 1069 920 quosdam,
1082 843 1137 902 imo

167 963 350 1022 nonpnuoos,
373 943 461 1004 tuisse
481 960 640 1014 conversos,
663 940 797 1000 infideles
811 941 849 1000 ad
863 941 965 1014 fidem,
983 942 1093 1004 fideles
1105 941 1138 1002 ad

169 1045 386 1124 poeniteutiam.
428 1043 471 1104 3⁰.
493 1041 634 1104 Omnibus
657 1039 757 1114 tribui,
781 1060 836 1120 pro
860 1041 925 1103 looo
945 1045 979 1102 et
993 1049 1137 1124 tempore,

170 1149 293 1226 gratiam
307 1133 494 1207 sufficientem
507 1144 545 1206 ad
564 1141 779 1204 conversionem
792 1161 810 1202 a
822 1141 962 1222 pereatis,
979 1145 1017 1203 ut
1031 1148 1138 1204 σοιίιιιιι

171 1247 337 1324 propugnat
360 1245 510 1314 Pannona,
532 1259 562 1302 n.
578 1243 647 1301 404.
690 1240 776 1298 Huno
790 1239 970 1300 sententiam
985 1240 1137 1301 affirmem

172 1349 232 1406 tem
243 1349 343 1405 tonent
356 1342 487 1421 plerique
497 1338 634 1416 theologi.
676 1338 753 1400 Sunt
773 1341 873 1398 tumen
886 1358 992 1416 graves
1003 1345 1137 1402 auctores

178 1445 231 1523 qui
243 1447 368 1522 negant:
394 1447 413 1478 ‘¹
424 1444 466 1504 ita
479 1441 631 1502 senserunt
650 1457 675 1498 e.
684 1458 713 1514 g.
737 1456 776 1497 ex
795 1437 947 1498 veteribus
959 1438 1136 1500 Domuum

175 1547 297 1606 Bararus
318 1547 348 1604 ιι
369 1543 516 1612 Lanaeus,
531 1540 651 1612 Gonor,
674 1537 824 1598 Gouasnss
838 1540 868 1598 et
882 1537 990 1598 Genua
1003 1559 1011 1600 ι
1026 1539 1136 1618 quibus

176 1646 273 1724 piures
286 1643 457 1706 retentiones
470 1636 697 1701 assentiuntur.''
738 1635 759 1698 J
760 1655 852 1698 ιιιιιιι.
862 1656 894 1698 n.
909 1639 980 1699 222.
1024 1640 1135 1700 Eorum

177 1749 348 1824 argumenta
386 1748 475 1802 “non
495 1740 601 1802 levia''
630 1741 709 1812 sunt,
730 1737 772 1796 ait
794 1739 886 1811 Luna,
913 1737 936 1800 l.
961 1757 987 1798 o.
1012 1759 1043 1799 n.
1071 1745 1135 1800 31:

177 1847 332 1906 videantur
345 1843 422 1922 apud
432 1841 543 1913 Gonsn,
557 1839 593 1899 da
603 1835 861 1899 Praedostinatione
875 1839 907 1896 ιι
921 1838 1050 1916 Reprob.
1067 1839 1097 1899 d.
1109 1844 1134 1908 5,

177 1965 206 2004 ιι.
221 1949 284 2016 186,
303 1947 353 2006 ιιι.
368 1947 437 2003 tom.
452 1945 480 2014 2,
496 1959 524 2017 p.
541 1943 588 1998 99.
628 1937 847 2007 Verumtamen,
863 1935 941 1994 siout
951 1936 1042 2014 longe
1055 1957 1133 1997 eom·

177 2044 292 2104 munior
324 2061 385 2102 esse
415 2038 532 2100 videtur
560 2033 704 2096 sententia
732 2033 886 2104 affirmans,
917 2032 962 2092 ita
989 2038 1022 2094 et
1049 2035 1133 2112 longe

178 2143 318 2222 graviora,
347 2140 406 2200 imo
433 2137 518 2216 plano
541 2135 659 2205 invicta,
689 2132 763 2192 mihi
792 2131 932 2192 videntur
960 2141 1131 2209 argumente
1187 2183 1188 2214 p

177 2244 284 2322 quibus
297 2240 449 2311 innititur;
472 2255 571 2296 oensoo
585 2237 683 2294 autem
701 2231 873 2293 sententiam
892 2237 1052 2308 negantem
1072 2254 1131 2294 esse
1187 2217 1188 2286 ι

177 2344 271 2404 adimo
305 2341 421 2403 omnino
454 2338 583 2410 liberam,
619 2337 649 2396 ιι
681 2335 763 2395 uuila
782 2336 851 2394 nota
870 2333 1039 2412 theologias
1057 2335 1129 2396 affloi

174 2463 266 2522 posse.
1187 2489 1188 2506 ,

218 2549 284 2606 109.
307 2543 349 2602 40.
381 2537 539 2600 Interoodii
561 2539 659 2596 autem
680 2532 835 2594 discrimen
855 2531 935 2592 inter
959 2533 1127 2614 hujusmodi
1187 2551 1188 2568 ¹

174 2649 336 2726 peeoetores
347 2645 377 2703 et
390 2641 470 2701 alios.
514 2643 533 2672 ‘⁸
544 2637 621 2696 Nam
633 2641 795 2713 peooatores
805 2631 940 2692 obdurati
950 2633 1048 2694 rarius
1058 2633 1127 2695 aooi·
1187 2621 1188 2656 ¹

174 2749 260 2825 piant
273 2743 395 2822 gratiam
409 2739 600 2800 sufficientem
610 2736 647 2796 ud
657 2732 878 2806 conversionem,
891 2736 921 2793 et
935 2739 1125 2813 saeperemote
1187 2757 1188 2762 ¹

173 2851 289 2904 tantum
303 2839 510 2900 suffloientem:
527 2839 614 2912 atque
625 2833 771 2893 interdum
780 2831 816 2891 ad
826 2835 942 2909 tempus
955 2833 1124 2896 deseruntur

173 2941 309 3004 destituti
324 2939 402 2999 omni
415 2937 518 3014 gratia,
540 2933 628 2995 etiam
648 2935 758 2992 remote
778 2931 938 2992 suffioiente
953 2934 992 2993 ad
1006 2954 1120 2996 eonver-

171 3045 280 3104 sionem
296 3063 304 3112 ς
325 3038 400 3116 quod
416 3055 474 3096 nou
487 3034 592 3095 uooidit
605 3031 747 3110 peooatori
760 3050 817 3092 non
830 3031 1005 3094 obdurato.'’
1048 3037 1118 3094 Αιιι.

170 3145 190 3205 l.
207 3164 232 3204 o.
250 3141 265 3222 ᾗ
282 3145 307 3200 2.
352 3143 371 3174 “
383 3139 550 3198 Peooetores
571 3134 679 3212 reliqui
701 3132 848 3194 uberiores
872 3135 902 3192 et
914 3132 1120 3210 frequentiores

169 3245 277 3321 gratias
288 3243 505 3318 consequuntur
515 3253 575 3314 prm
584 3231 956 3294 obduratisetoboaeoetie.’:
973 3233 1117 3306 Pannona,

168 3362 198 3402 n.
214 3345 282 3403 427.
323 3341 439 3402 Horum
457 3353 551 3394 unum
573 3335 618 3392 est
641 3351 733 3410 genus
754 3349 878 3410 quorum
890 3349 951 3391 non
965 3335 1116 3409 pauoosiu

167 3442 214 3500 his
228 3439 395 3518 regionibus
406 3437 468 3515 ipse
488 3451 634 3505 noveram,
651 3431 687 3491 de
700 3430 767 3492 aliis
785 3429 886 3490 multis
905 3450 944 3490 ex
955 3431 1115 3493 testimonio

163 3541 249 3616 gravi
263 3539 363 3612 didiei,
384 3541 414 3598 et
428 3553 552 3615 quorum
572 3531 681 3603 nullus,
703 3549 740 3592 ne
759 3549 836 3590 unus
850 3529 978 3608 quidem,
993 3551 1115 3611 unquam

167 3658 322 3698 convorsus
336 3641 388 3712 est,
404 3636 454 3696 sed
468 3651 566 3693 omnes
585 3631 618 3690 in
637 3633 755 3709 peooato
774 3629 882 3690 mortui
896 3633 966 3690 sunt
979 3631 1112 3692 obdurati.

167 3737 311 3798 Outholioi
332 3737 365 3797 hi
387 3739 471 3796 erant
488 3732 550 3814 qui,
574 3729 635 3792 sive
654 3735 722 3793 ante
744 3729 805 3792 sive'
825 3733 891 3812 port
904 3727 1111 3800 matrimonium
