2402 4292
102 438 188 492 msa.
205 418 255 510 x.]
305 425 361 490 De
374 419 658 510 Dr'spcsz'tzcm'bus
672 422 720 492 ad
734 421 883 515 Justzflc.
993 445 1052 510 351

100 590 191 652 disti:
215 589 292 652 beati
306 589 358 668 qui
371 609 431 651 nou
443 589 589 670 viderunt,
607 595 638 653 ei
651 583 866 654 credideruni.”
907 593 990 654 Jcan.
1005 589 1056 655 rx.

98 696 154 750 29.
195 690 306 752 Similis
319 695 363 751 est
376 691 469 751 lorma
482 690 657 768 argumcnii.
700 693 866 754 Sermonem
886 691 934 752 hic
947 711 1009 753 esse
1022 693 1058 753 de

96 790 163 850 fide
184 789 365 868 justificante
386 790 506 852 evidens
529 792 746 853 estc-“beati
769 792 820 870 qui
843 790 1057 853 credideruni.”

97 887 294 967 Significatum
308 890 386 950 enim
399 889 481 951 istud
500 896 520 928 ‘⁴
531 890 734 952 credideruni''
749 891 891 954 rationem
904 891 1059 953 esseillius

99 993 122 1026 ‘⁶
134 989 244 1065 beati,''
265 994 300 1052 ul
320 992 351 1050 in
371 990 514 1070 exemplis
534 1010 621 1070 supra
639 990 725 1066 datis,
740 1011 770 1051 n.
788 996 814 1051 3.
857 992 915 1059 Qui
929 992 1058 1052 credide-

96 1095 175 1153 runt
188 1090 282 1171 quid?
321 1093 412 1154 Plane
427 1092 505 1170 quod
524 1092 573 1154 hic
587 1091 711 1154 credidit
723 1093 858 1154 Thomas.
899 1093 979 1160 Quid
990 1113 1059 1155 vero

97 1189 226 1251 eredidit
239 1188 317 1252 ille?
352 1191 390 1252 Se
403 1191 452 1252 hic
465 1195 583 1252 ctnunc
592 1189 789 1270 justificatum
799 1189 879 1252 ease?
910 1189 1035 1250 Minime
1049 1212 1057 1251 ι

97 1289 155 1349 sed
167 1287 199 1349 id
213 1291 290 1368 quod
304 1294 390 1352 antea
403 1289 501 1350 noluit
514 1291 629 1352 credere
643 1290 678 1369 (⁸⁸
688 1291 754 1350 Nisi
767 1289 867 1351 videro
880 1290 913 1349 in
926 1289 1060 1350 manibus

97 1387 168 1466 ejus
189 1389 317 1452 fixuram
340 1389 500 1464 clavorum,
523 1391 573 1451 &a
599 1409 658 1450 non
679 1389 795 1450 credam
807 1390 835 1449 :’'
856 1407 931 1449 vers.
944 1388 1008 1468 25),
1030 1393 1061 1450 et

97 1488 191 1567 quod,
205 1488 267 1550 viso
280 1489 416 1565 Domino,
431 1507 501 1551 vere
515 1489 648 1564 credidis,
668 1509 780 1569 nempe,
796 1487 945 1549 Christum
965 1507 1060 1549 resur·

96 1589 378 1651 rexisseamcrtuis
402 1593 432 1652 et
454 1609 521 1668 ergo
544 1609 604 1652 esse
621 1608 726 1652 verum
748 1591 845 1650 Deum
869 1589 905 1666 (“
915 1587 1060 1649 Dominus

96 1707 183 1750 meus
196 1694 226 1751 ei
239 1690 319 1751 Deus
331 1690 451 1752 meus:”
473 1709 547 1750 vers.
564 1692 626 1770 28),
652 1695 682 1752 et
695 1709 772 1768 ergo,
788 1687 940 1768 implicite,
963 1688 1059 1749 omnia

97 1791 140 1849 ab
153 1809 186 1850 co
200 1791 276 1850 facia
290 1795 320 1852 et
333 1791 412 1851 dicta
425 1789 526 1850 diviua
538 1811 608 1852 esse.

142 1893 170 1950 6.
189 1877 403 1951 Ascumsuuuu
417 1891 482 1950 III.
504 1891 553 1950 Ex
572 1909 646 1952 vers.
670 1895 720 1964 30,
743 1893 778 1950 31
804 1889 935 1968 ejusdem
955 1886 1058 1966 capitis

98 1993 122 2053 J
124 1992 225 2054 oannis
238 1993 406 2055 immediate
419 1997 665 2074 subsequentibus
678 1995 762 2055 aliud
780 1995 950 2056 distinctum
964 1993 1058 2073 simile

98 2109 305 2174 argumentum
325 2097 447 2158 eruitur.
491 2098 620 2159 “Multa
639 2097 757 2174 quidem
771 2101 802 2157 ei
814 2095 871 2156 alia
889 2095 971 2173 signa
988 2096 1059 2156 fecii

98 2200 190 2261 decus
211 2199 242 2261 in
263 2205 420 2280 conspectu
440 2200 650 2282 discipulorum
671 2219 800 2276 suorum,
826 2220 891 2280 quae
911 2220 970 2260 non
989 2206 1059 2261 sunt

99 2300 208 2378 scripta
220 2299 253 2360 in
272 2301 347 2362 libro
361 2302 424 2363 hoc.
466 2301 540 2362 Haec
554 2305 652 2362 autem
665 2301 774 2380 scripta
791 2306 868 2376 sunt,
885 2305 921 2361 ut
934 2301 1058 2362 credatis

98 2401 172 2478 quia
183 2401 204 2462 J
204 2421 270 2462 esus
284 2407 328 2463 esi
348 2402 490 2475 Christus,
504 2403 599 2463 Filius
610 2402 676 2476 Dei,
692 2405 723 2464 et
742 2405 778 2462 ul
793 2402 951 2477 credentes,
966 2400 1058 2462 vitam

97 2500 232 2562 habeatis
244 2501 276 2561 in
296 2501 414 2563 nominc
434 2503 529 2582 ejus.''
571 2503 619 2563 En
637 2502 710 2563 fides
719 2501 888 2580 justificans
901 2503 937 2580 (“
949 2505 983 2560 ut
997 2519 1057 2561 cre·

98 2600 210 2673 dentes,
225 2600 317 2662 vitam
329 2602 505 2682 habeatis'),
521 2601 593 2662 fides
606 2620 672 2680 quae
687 2600 769 2662 ducit
782 2601 820 2661 ad
833 2600 937 2662 vitam.
968 2598 1057 2660 Fides

98 2705 200 2761 autem
219 2701 283 2762 haec
303 2707 401 2763 eaesi
421 2722 481 2780 qua
500 2702 630 2762 creditur
650 2701 759 2762 veritas
779 2699 927 2761 miraculis
947 2697 1057 2759 Christi

97 2800 223 2875 firmata,
239 2821 353 2880 nempe,
365 2821 433 2862 eum
447 2793 634 2863 esse'Filium
646 2800 721 2881 Dei}
743 2821 802 2880 qua
815 2820 883 2878 erge
897 2799 1057 2861 creduntur

98 2904 198 2962 omnia
210 2903 245 2962 ab
260 2923 293 2963 ec
306 2903 445 2966 revelata.
475 2903 504 2964 N
506 2924 544 2964 on
558 2923 626 2965 saue
639 2903 787 2964 miraculis
802 2900 912 2964 Chrisli
924 2901 1057 2961 firmatur

98 3001 157 3062 ista
170 3002 294 3080 proprie
304 3003 521 3082 justificationis
534 3004 651 3064 fiducia.

144 3105 171 3164 7.
193 3107 406 3165 lacrumarum
420 3107 475 3168 IV.
499 3111 519 3141 “
532 3105 564 3167 Si
584 3104 748 3166 confitearis
767 3104 800 3164 in
818 3123 867 3165 ore
882 3107 934 3164 tuo
953 3100 1054 3162 Domi-

101 3221 175 3262 num
195 3203 306 3279 Jesum,
323 3209 353 3266 ci
372 3205 404 3264 in
424 3207 578 3266 cordetuo
598 3205 755 3266 credideris
772 3205 850 3282 quod
868 3203 950 3264 Deus
969 3201 1055 3261 illum

102 3302 256 3364 suscitavit
269 3323 286 3364 a
299 3303 430 3379 mortuis,
446 3305 543 3366 salvus
561 3307 627 3367 eris.
669 3306 760 3367 corda
779 3305 858 3367 enim
878 3301 1005 3364 creditur
1018 3301 1055 3360 ad

98 3401 277 3480 justitiam.”
318 3405 403 3465 Rem.
424 3410 563 3480 x.9,10.
604 3405 664 3468 Hic
683 3425 798 3466 rursum
817 3404 890 3465 fides
909 3420 975 3480 quea
996 3401 1054 3460 dis·

101 3503 185 3579 ponit
198 3505 234 3564 ad
243 3504 483 3584 justificationem
493 3507 592 3568 eodem
605 3508 688 3568 modo
699 3505 855 3566 clarissime
863 3502 1051 3580 significatur,

103 3610 133 3664 et
156 3603 245 3664 etiam
268 3605 576 3669 diserte-“creditur
599 3607 636 3668 ad
658 3604 836 3686 justiliam.”
879 3604 979 3664 Solum
1005 3600 1054 3660 hic

62 3733 71 3740 -
103 3703 207 3783 dogma
233 3706 270 3769 de
295 3707 507 3782 resurrectione
530 3707 640 3771 Christi
662 3709 847 3784 memoratur,
871 3703 941 3784 quia
962 3701 1077 3782 (inter.
