2408 4304
643 381 661 434 4

119 571 122 579 ·
176 534 360 604 ordinarium.
401 535 445 594 Re
471 533 550 594 onim
576 553 646 594 vero
673 536 814 612 quedam
842 536 1002 614 signorum
1027 534 1124 594 illoron

179 636 250 696 sotis
266 627 414 696 ordinarie
433 641 512 695 sunt.
552 636 799 696 Extreordinerie
820 637 913 714 signe
933 655 1003 712 ergo
1020 655 1075 694 non
1086 653 1125 712 op

177 740 326 810 ponuntur
345 735 394 794 hic
417 734 570 794 ordinariis
590 735 831 813 quibuscumque
853 737 954 813 signis
968 737 1018 796 sed
1030 741 1128 794 tantun

176 833 227 894 isti
248 835 301 894 uei
320 836 527 904 universaliter¹
546 836 693 896 ordinario
714 836 807 913 signo,
832 857 959 916 nempe,
982 835 1128 895 voluntario

177 933 303 992 accessui
324 936 361 992 ed
375 935 593 995 confessionem.
634 935 673 992 In
687 935 845 994 ordinariis
858 936 948 996 enim
961 933 1128 995 confessioni·
1177 1009 1178 1020 ἵ

177 1139 334 1208 spontanee
351 1137 382 1192 et
399 1133 520 1203 sincere,
535 1133 568 1191 in
581 1132 744 1209 poenitente
758 1133 830 1192 setis
847 1133 1015 1205 instructo,
1030 1133 1129 1208 oignon

177 1235 222 1294 est
241 1232 384 1292 sufficiens
404 1251 472 1292 eum
496 1251 557 1291 esse
578 1232 634 1291 rite
648 1231 834 1313 dispositum,
857 1233 933 1304 nisi,
949 1237 987 1292 ut
1000 1233 1041 1292 eit
1054 1232 1128 1300 Sat,

177 1331 272 1390 obstet
291 1332 390 1408 alique
409 1331 597 1408 presumptio
618 1330 650 1389 in
671 1331 851 1390 contrarium
865 1333 916 1408 (n.
936 1333 982 1411 7).
1024 1329 1129 1390 Inreci-

177 1427 245 1485 divo
258 1428 353 1486 obstet
366 1427 434 1485 tulis
447 1426 646 1504 praesumptio.
686 1423 775 1502 Ergo,
798 1432 908 1504 preter
922 1429 1046 1505 signum
1057 1425 1128 1496 illud,

177 1525 297 1602 eliquod
310 1525 391 1586 eliud
404 1525 574 1602 requiritur.

220 1631 266 1684 15.
287 1626 361 1686 Heec
374 1625 576 1702 interpretatio
590 1624 728 1684 doctrine
744 1625 773 1685 S.
783 1625 923 1686 Doctoris
936 1625 1036 1702 magis
1049 1624 1130 1684 adhuc

177 1724 310 1784 firmetur
319 1745 358 1784 ex
368 1724 465 1784 verbis
476 1724 541 1802 ejus
550 1723 583 1782 in
593 1725 692 1784 eodem
702 1743 733 1784 n.
744 1730 803 1783 459
815 1729 891 1784 :-“
900 1726 934 1786 N
934 1745 969 1786 co
984 1744 1086 1785 verum
1094 1727 1130 1782 et

177 1824 254 1899 qood
269 1823 329 1882 sola
339 1809 616 1900 temporisprobetio
629 1822 750 1882 unicum
763 1824 803 1882 eit
816 1825 939 1901 signum
952 1831 1077 1884 mutate
1089 1841 1130 1879 vo·

177 1921 325 1982 luntatis..
339 1969 345 1983 .
358 1969 364 2000 .
378 1923 457 1982 .Ιιιιο
470 1923 625 1999 aliquando
639 1921 697 1981 olio
710 1922 795 1998 signe
806 1924 965 2000 proesentis
976 1921 1130 2000 dispositio·

177 2019 224 2078 nis
238 2019 331 2078 multo
348 2019 454 2078 melius
469 2019 653 2080 manifestant
666 2019 859 2078 mutationem
868 2021 1040 2080 voluntatis
1053 2034 1129 2096 quen

177 2117 502 2195 experientiatemporis
517 2160 523 2179 .
537 2164 544 2178 .
557 2163 563 2178 .
577 2162 584 2178 .
601 2119 767 2194 Propterea,
778 2103 886 2194 quotics
896 2119 1047 2195 poenitens
1056 2116 1130 2176 effert

176 2213 244 2295 [scu
258 2217 418 2289 confessus,
435 2216 582 2276 excitante
590 2217 664 2274 bono
676 2217 857 2290 confessario,
864 2217 930 2294 jam
939 2219 1039 2289 hebet,
1052 2232 1130 2274 secun

176 2316 248 2374 dum
257 2317 335 2376 dicte
348 2336 377 2376 n.
396 2314 448 2396 12]
458 2337 527 2376 vere
541 2317 624 2392 signe
636 2316 743 2374 doloris
756 2323 787 2375 et
800 2317 955 2393 propositi,
970 2318 1053 2376 tetris
1066 2319 1129 2375 bene

177 2415 288 2474 absolvi
308 2415 444 2491 poterit?
485 2415 571 2474 Unde
584 2418 665 2492 patet
679 2413 840 2472 doctrinam
855 2415 886 2474 S.
903 2419 1063 2474 Anrnorror
1075 2432 1129 2470 orn·

175 2515 246 2574 nino
260 2517 413 2576 convenire
426 2535 492 2576 oum
506 2535 540 2575 ea
554 2535 641 2592 quem
656 2515 788 2574 Srnoocn
815 2515 858 2592 (q.
875 2519 903 2586 4,
919 2535 950 2574 n.
967 2517 1022 2593 29)
1042 2520 1072 2574 et
1083 2511 1129 2571 olii

177 2619 283 2674 vocent
296 2634 470 2674 communem.

220 2716 265 2775 16.
287 2713 427 2772 Recidivo
447 2731 514 2788 ergo
531 2712 593 2788 jam
610 2711 758 2787 disposito,
781 2711 843 2771 sive
864 2712 1026 2788 dispositus
1039 2728 1128 2770 acces·

178 2811 250 2870 serit
269 2811 330 2871 sive
352 2831 420 2883 non,
445 2815 476 2870 et
489 2830 507 2868 a
520 2810 634 2870 fortiori
653 2809 757 2870 ceteris
777 2811 978 2886 peccatoribus
999 2809 1128 2869 similiter

176 2911 331 2988 dispositis,
354 2929 506 2987 nunquam
525 2910 656 2969 obsolute
676 2909 800 2986 manda
819 2919 864 2968 est
879 2910 1033 2969 absolutio.
1075 2907 1127 2968 Sed
1177 2961 1178 2964 ,

177 3029 215 3069 on
228 3009 383 3086 aliquando
397 3009 509 3088 differri
521 3009 612 3085 possit
629 3014 681 3068 eut
701 3007 830 3068 debeat?
869 3009 959 3086 Reep.
1006 3010 1046 3068 1⁰.
1066 3010 1128 3068 Cer·
1177 3029 1178 3086 p

177 3115 240 3168 turn
248 3118 293 3170 est
300 3108 507 3168 confessarium
521 3127 579 3167 non
594 3109 697 3168 debere
711 3107 827 3168 differre
840 3107 1063 3180 absolutionem,
1076 3105 1128 3164 nisi

176 3209 334 3288 prudenter
357 3207 471 3285 judicet
492 3207 665 3267 diletionem
693 3207 850 3285 poenitenti
876 3207 1036 3267 solutorem
1062 3209 1127 3266 fore.

108 3364 111 3382 Ι
178 3309 221 3368 2⁰.
241 3307 431 3374 Quendonem
444 3325 512 3364 vero
525 3305 568 3364 ite
578 3307 770 3382 judicandum
785 3307 825 3367 sit
837 3307 946 3384 optime
960 3307 1078 3368 dicits.
1092 3311 1125 3364 A.
1177 3329 1178 3376 ι

179 3409 222 3483 (n.
236 3407 308 3484 463)
322 3406 424 3483 “quod
434 3405 725 3480 certoreguleinhoc
734 3406 823 3464 statui
832 3425 889 3464 non
898 3405 1127 3481 possit,scdcon·

177 3506 314 3566 fessorius
329 3525 367 3565 ex
380 3507 606 3578 circumstantiis
620 3506 837 3566 occurrentibus
851 3525 881 3564 se
891 3505 1020 3581 dirigere
1033 3507 1122 3576 debet,

178 3611 217 3676 et,
231 3611 385 3680 postquem
396 3607 456 3664 Deo
470 3625 500 3664 se
510 3608 730 3679 commendavit,
747 3611 781 3666 ut
790 3609 846 3666 erit
856 3627 873 3666 e
882 3607 943 3664 Deo
958 3606 1121 3683 inspiratus
