2402 4292
164 385 227 448 280
539 372 595 442 De
612 373 742 444 Gratiis.
934 373 1035 462 [nur.
1051 396 1129 444 mn
1188 309 1189 362 1

162 547 301 619 vertetur,
326 543 398 622 quin
418 544 515 623 reipsa
535 545 635 604 audiet
658 544 771 605 Christi
790 544 1038 623 pmdintiou
1059 565 1130 606 eu

161 645 215 708 teli
229 645 324 723 gretie
336 645 451 706 interne
473 647 667 724 eonjunetem.
709 646 880 723 Utrumque
899 647 1065 706 futnffle
1083 654 1128 706 nst

162 745 309 824 objectum
323 745 450 806 seiontise
463 746 576 818 mediae,
590 747 641 806 sod
651 749 816 822 spectatum
829 747 980 806 denunt
991 753 1030 806 nt
1042 747 1128 806 tm-

162 845 256 908 ribils.
296 845 373 906 Nem
395 846 460 924 ojus
480 846 627 923 objeotum
648 850 693 905 est
714 864 801 905 omne
824 845 983 905 intnrihfle
994 846 1128 904 litem

163 949 326 1026 speetntunr
346 949 465 1025 praeoise
484 951 519 1006 ut
537 947 700 1020 futuribile,
715 947 779 1006 sive
791 947 869 1006 illud
882 947 923 1006 sit
935 946 1031 1006 etin
1042 947 1127 1006 fm-

162 1065 227 1108 runr
241 1045 302 1106 sive
315 1065 383 1106 nen.
425 1045 505 1108 Unde
512 1047 681 1123 proscindit
694 1047 897 1124 afittusitiou
914 1045 1061 1120 Mna,
1077 1065 1126 1106 ne

163 1165 222 1208 osse
235 1145 356 1208 includit
369 1165 416 1207 nso
429 1146 558 1207 contudit.

205 1247 271 1308 les.
295 1249 315 1282 “
326 1245 384 1306 Per
397 1246 598 1322 uenditionem,
615 1267 674 1326 qua
687 1246 781 1325 posite
794 1249 880 1308 aotns
897 1246 1026 1307 futurus
1037 1251 1122 1318 east
1188 1273 1189 1288 ι

163 1345 341 1424 intelligitur
353 1346 384 1408 id
397 1347 474 1426 quod
488 1352 563 1409 esset
575 1367 662 1409 oense
672 1349 754 1408 setis
762 1347 936 1419 interibilis,
951 1353 1008 1409 snt
1020 1349 1123 1409 nltm

163 1445 274 1510 mensio
287 1447 335 1510 rel
348 1448 566 1527 prnsuppositio
580 1447 713 1527 quaedam
733 1449 770 1508 ad
790 1467 859 1508 eum
871 1448 1039 1525 pertinens,
1053 1449 1123 1526 qnia

164 1549 277 1611 nisum
291 1549 472 1610 eonduosret.
514 1550 610 1617 Quare
630 1549 848 1628 propositiones,
871 1569 1002 1627 quarum
1017 1552 1122 1609 veritas

163 1653 208 1710 est
221 1647 366 1728 objeotum
380 1647 508 1710 seiontiae
521 1649 635 1723 medies,
651 1654 720 1709 sunt
732 1649 792 1708 illoe
802 1667 904 1708 omnes
917 1655 949 1708 et
962 1650 1045 1721 solae,
1059 1650 1121 1727 qni·

163 1747 219 1810 bus
232 1747 403 1810 enuntietur
415 1748 463 1808 vel
473 1750 621 1810 enuntiari
641 1752 737 1828 potest
756 1747 850 1808 libere
863 1749 1019 1822 connexio,
1035 1767 1121 1827 qmun
1188 1793 1189 1804 ι

164 1851 246 1911 netur
259 1849 390 1928 enjusvis
403 1869 496 1912 eausoe
509 1851 601 1912 libore
610 1849 840 1928 agentishabent
852 1869 923 1909 enm
935 1849 1041 1927 ulique
1054 1869 1119 1927 snp-

164 1948 258 2030 posito
272 1955 307 2012 ut
320 1951 464 2013 existente
486 1973 538 2032 pro
559 1953 658 2030 aliqua
678 1953 817 2028 temporis
838 1951 1017 2023 differentis,
1041 1957 1074 2012 et
1092 1971 1119 2010 se

162 2049 287 2112 hobente
300 2069 353 2128 por
365 2051 483 2112 medum
504 2071 597 2112 eausae
617 2056 668 2112 aut
689 2051 792 2112 saitem
813 2051 973 2111 occasionis
984 2051 1037 2112 vel
1049 2069 1119 2129 prn-

162 2147 368 2227 suppesitionis
392 2151 543 2229 eujusdam
564 2153 599 2211 nd
622 2169 683 2210 rom
707 2169 758 2210 seu
789 2153 888 2210 aetum
918 2150 1117 2210 conducentis.

163 2247 247 2311 Telos
268 2249 386 2311 ttrerunt
402 2269 456 2329 pro
479 2270 531 2312 sne
553 2253 681 2329 tompore
700 2251 747 2311 he
760 2250 990 2328 propositiones:
1013 2252 1118 2311 Petrus

162 2351 282 2428 neguret
296 2349 451 2425 Christum,
475 2351 501 2412 si
523 2352 577 2412 teli
600 2353 685 2412 modo
699 2355 880 2412 tentaretur:
903 2352 1013 2411 Petrus
1023 2353 1117 2430 lapsus

163 2455 389 2528 perverteretur,
414 2451 547 2513 sitalem
571 2453 695 2530 gretiam
715 2452 876 2530 eooiperet:
902 2455 953 2513 &o
993 2455 1072 2513 Nnm
1085 2453 1118 2512 ed

163 2551 314 2614 seientiam
327 2551 452 2614 medinm
465 2571 524 2612 non
537 2553 686 2631 pertinent
695 2551 904 2630 propositiones
910 2553 1115 2630 hypothetice,

163 2669 229 2732 qun
243 2651 319 2714 flunt
333 2652 410 2714 inter
419 2652 566 2732 disperstn
575 2657 606 2714 et
621 2653 848 2730 impertinentia,
873 2653 971 2729 qualis
986 2657 1033 2714 est
1046 2653 1115 2713 ista:

164 2749 198 2812 si
213 2751 318 2814 Petrus
332 2749 447 2814 luderet
460 2753 591 2827 Parisiis,
603 2753 623 2814 J
623 2771 729 2813 oannes
737 2755 869 2831 peooeret
881 2751 994 2812 Romoe.
1038 2754 1116 2814 Tales

164 2849 242 2910 enim
256 2851 463 2930 propositiones
476 2857 546 2913 sunt
559 2871 657 2912 omnes
678 2851 836 2912 necessario
856 2851 957 2912 inlsae:
979 2853 1051 2930 qnia
1064 2853 1116 2929 sig·

164 2945 286 3008 nifioent
307 2951 525 3026 oonnexionsm,
541 2969 607 3030 quoe
630 2971 683 3012 neo
705 2955 749 3011 est
771 2971 825 3011 neo
849 2970 911 3011 esse
934 2952 1116 3036 potestinter

165 3047 311 3127 dispnrote
335 3053 365 3110 et
391 3049 633 3127 impertinentio3
665 3071 699 3111 ao
722 3052 845 3128 proinde
874 3055 946 3119 sunt
973 3052 1115 3129 objectum

165 3147 292 3210 seiontioe
306 3149 481 3225 nsoosssriee,
497 3169 608 3228 nempe,
625 3151 766 3229 simplicis
778 3151 991 3228 intelligentie.
1035 3151 1115 3218 Quod

165 3245 190 3308 si
203 3247 345 3326 ejusmodi
358 3247 566 3326 propositiones
586 3252 759 3328 quandoque
779 3250 945 3327 significant
957 3249 1114 3328 simplioenr
1184 3289 1185 3294 κ

164 3345 387 3408 eesxistentism
401 3347 587 3427 objectorum,
599 3354 667 3411 sunt
675 3370 751 3412 verse
759 3351 809 3410 vel
817 3350 907 3422 felsae,
918 3353 1008 3427 prout
1021 3351 1113 3410 future

164 3445 214 3506 vel
227 3463 286 3506 nen
300 3447 403 3508 future
416 3453 461 3508 est
480 3449 661 3527 objeetorum
680 3450 873 3510 coexistentia
885 3453 922 3508 ut
935 3449 1110 3509 enuntiatur.

165 3544 223 3605 esd
236 3547 340 3605 herum
354 3547 481 3624 eognitio
495 3550 622 3626 pertinet
632 3550 668 3610 ed
682 3550 831 3611 seientiam
842 3547 972 3622 visionis,
987 3553 1025 3608 ut
1037 3553 1110 3626 petet

164 3643 195 3705 in
211 3646 265 3708 heo
279 3647 493 3725 propositione:
518 3649 550 3711 Si
564 3669 626 3712 eres
645 3651 720 3712 hono
741 3653 857 3712 domum
870 3650 999 3728 petieris,
1016 3649 1057 3712 ibi
1069 3667 1107 3708 ne
1183 3681 1184 3701 ι
