2424 4300
186 421 228 482 94
333 477 337 486 ,
555 399 608 460 De
634 399 767 461 Grates.
967 397 1070 485 [urse.
1089 419 1135 463 111.

184 585 299 641 gressus
319 564 411 641 ejus.’'
453 561 613 639 Dispositio
634 561 691 620 viee
714 565 759 621 est
781 562 900 621 initium
922 564 1033 640 operis,
1060 570 1089 624 et
1107 568 1136 624 ab

185 664 319 736 homine;
341 663 463 722 directio
477 681 628 738 gressuum
643 667 687 720 est
701 681 773 738 opus
787 661 893 738 ipsum,
910 666 940 720 et
954 664 1056 723 aDco.

226 769 274 823 95.
297 764 383 838 Resp.
410 762 535 821 similem
557 761 773 820 distinctionem
793 763 982 838 apponendo:
1006 764 1138 822 Hominis
1185 817 1186 850 ἶ

185 869 229 925 est
250 884 317 924 oum
340 862 436 938 gratia
460 862 612 938 disponere
635 861 715 919 viam
743 881 833 934 suam,
857 861 877 920 i.
894 882 931 935 e.,
957 865 1139 923 statuerent

186 961 385 1034 sanctevivst,
409 961 530 1020 vitando
552 971 669 1036 peccata
693 963 723 1018 et
744 961 869 1019 virtutes
889 964 1075 1034 exercendo;
1097 963 1139 1020 sed

184 1067 219 1122 ut
233 1065 361 1121 sanctem
371 1061 461 1119 vitem
476 1065 542 1118 actu
564 1059 652 1134 deget
671 1077 729 1117 non
751 1059 855 1118 sufficit
869 1060 922 1118 ille
934 1062 1035 1137 grstia
1049 1063 1139 1140 dispo·
1185 1065 1186 1142 l

185 1159 307 1232 sitionis,
323 1158 390 1218 alise
405 1163 435 1217 et
448 1157 513 1216 alie
527 1157 627 1233 gratiae
641 1157 847 1234 subsequentes
869 1161 1045 1220 necessarius
1059 1165 1139 1220 sunt:

185 1259 334 1319 Concedo:
357 1257 493 1318 Hominis
507 1262 551 1317 est
570 1257 722 1334 disponere
741 1259 819 1316 viem
842 1277 923 1316 suem
946 1260 1012 1319 sine
1035 1261 1140 1337 gretie:
1185 1263 1186 1290 ³

187 1359 279 1435 Nego.
1185 1381 1186 1452 p

227 1462 275 1516 96.
301 1457 401 1534 object.
420 1459 445 1517 7.
469 1462 488 1490 “
502 1455 711 1516 convertimini
725 1457 762 1514 cd
775 1475 830 1528 me,
846 1457 888 1516 cit
900 1457 1052 1519 Dominus
1066 1479 1141 1519 exer·
1185 1457 1186 1460 ’

185 1558 306 1632 cituum,
332 1561 363 1616 et
383 1555 680 1615 convertarcdvos.”
719 1555 872 1616 Zachcr.i.
886 1561 914 1614 3.
958 1547 1043 1634 E'rgo
1065 1558 1141 1618 libcn‘
1185 1565 1186 1636 l

185 1657 297 1716 arbitrii
311 1660 354 1716 est
369 1657 445 1716 seed
458 1657 554 1714 Deum
567 1659 742 1714 convertere.
1185 1643 1186 1736 i

225 1758 273 1817 97.
299 1757 380 1831 Hesp.
401 1755 577 1831 Distinguo:
611 1754 823 1813 convertimini
849 1755 886 1813 sd
913 1775 970 1828 me,
1012 1759 1143 1819 cedentes

185 1856 287 1932 gratiis
300 1855 471 1928 actualibus,
483 1874 554 1932 quas
569 1874 621 1930 ego
634 1853 716 1913 vobis
730 1855 853 1930 elargior
867 1855 904 1912 cd
917 1857 1142 1932 poenitendum

185 1959 216 2016 et
230 1975 282 2030 ego
295 1958 444 2015 convertar
465 1955 502 2013 ad
525 1975 584 2028 vos,
610 1955 785 2030 perficiendo
805 1975 877 2031 opus
898 1975 916 2014 e
935 1975 982 2014 me
1008 1957 1045 2016 in
1068 1959 1143 2018 vobis

184 2053 342 2130 inceptum,
358 2054 451 2113 dendo
465 2054 548 2113 vobis
572 2055 696 2129 gretiam
713 2054 963 2114 sanctificantem:
986 2057 1142 2118 Concedo:
1185 2051 1186 2106 l

187 2153 296 2212 Secus:
318 2153 409 2229 Nego.
451 2154 532 2212 Deus
556 2154 592 2212 ed
613 2159 793 2232 peccatorem
809 2155 890 2230 prius
912 2159 942 2213 et
963 2164 1037 2216 ante
1052 2159 1142 2216 ullum
1185 2183 1186 2206 t

185 2252 249 2329 ejus
263 2256 397 2312 conatum
410 2253 596 2326 convertitur,
615 2273 683 2312 eum
703 2255 857 2314 excitando
880 2257 910 2313 et
923 2255 1100 2331 adjuvando
1113 2258 1144 2315 cd
1185 2323 1186 2332 χ

184 2351 392 2428 poenitentiam
404 2373 411 2426 ;
434 2353 481 2412 eui
492 2352 661 2412 excitationi
669 2357 699 2413 et
710 2354 853 2432 adjutorio
865 2353 889 2411 si
902 2357 1042 2430 peccator
1053 2358 1141 2422 cedat,

184 2453 265 2512 Deus
287 2453 401 2526 iterum,
426 2473 476 2513 seu
494 2454 592 2530 potius
615 2453 742 2530 propius,
778 2454 895 2525 arctius,
920 2453 1089 2530 perfectius
1112 2457 1143 2514 cd

184 2571 250 2610 eum
264 2553 450 2626 convertitur,
468 2572 497 2612 se
511 2552 539 2611 ei
552 2552 740 2629 pergratiam
761 2552 992 2614 sanctificantem
1015 2558 1142 2634 conjun-

184 2653 286 2726 gendo.
1185 2717 1186 2732 2

225 2755 271 2809 98.
298 2751 398 2827 object.
415 2754 442 2810 8.
467 2751 556 2809 “Uni
575 2752 655 2810 dedit
676 2752 806 2828 quinque
830 2751 949 2824 talentu,
973 2752 1027 2812 alii
1041 2759 1143 2815 antem
1185 2741 1186 2816 l

185 2850 252 2922 duo,
268 2849 319 2908 elii
332 2869 399 2907 vero
412 2869 514 2921 unum,
530 2850 687 2927 unicuique
706 2851 865 2910 secundum
882 2851 1031 2926 propriam
1044 2855 1142 2914 virtu-
1185 2873 1186 2878 ’

185 2950 273 3008 tem.”
323 2949 410 3006 Matr.
439 2968 511 3008 xxv.
537 2955 582 3008 15.
633 2952 710 3026 Ergo
744 2951 851 3009 duntur
875 2951 986 3009 talenta
1010 2952 1142 3030 (gratie)
1185 2929 1186 2988 Ῑ

182 3047 296 3107 intuitu
310 3046 529 3124 dispositionum
543 3049 716 3108 naturalium
732 3057 762 3108 et
773 3049 933 3108 secundum
948 3068 1007 3108 eas.
1185 3045 1186 3056 ¹

224 3151 271 3204 99.
293 3146 378 3223 Resp.
397 3145 573 3224 Distinguo:
597 3149 713 3207 Dantur
725 3149 825 3226 gretie
836 3147 946 3208 intuitu
959 3169 1078 3224 operum
1093 3156 1143 3211 out

184 3246 344 3306 secundum
366 3266 416 3306 ee:
438 3247 540 3324 Nego:
562 3249 678 3307 Dentur
698 3249 856 3308 secundum
876 3249 1009 3308 virtutem
1035 3253 1142 3336 (vires)

183 3348 275 3406 eDeo
288 3347 394 3420 datum,
421 3347 557 3424 majorem
582 3353 633 3406 eut
656 3347 805 3417 minorem,
831 3349 868 3406 ad
890 3367 977 3424 opera
998 3351 1144 3410 selutsn'o

182 3445 275 3521 magis
296 3449 349 3505 aut
381 3445 479 3504 minus
508 3447 600 3504 ardus
630 3448 831 3524 exsequenda:
863 3447 1011 3506 Concedo.¹
1057 3450 1143 3508 Alios

182 3545 262 3604 Deus
275 3548 359 3604 vocet
382 3548 412 3604 et
433 3545 559 3622 destinat
579 3545 696 3604 nonnisi
718 3547 752 3604 cd
776 3545 939 3606 communie
962 3550 992 3605 ct
1014 3547 1140 3618 leviore,

183 3645 256 3706 alios
269 3645 406 3704 odardus
420 3645 499 3722 (quse
513 3645 607 3706 varios
620 3647 726 3722 gradus
739 3645 870 3724 hebent),
892 3646 929 3704 od
949 3647 1044 3706 vitem
1059 3650 1140 3708 caeli·
