2410 4314
172 435 214 498 30
548 415 604 482 De
622 413 752 482 Gratia.
972 407 1074 494 [orsu.
1093 425 1131 470 11.
1183 393 1184 400 ἵ

171 581 187 660 5
210 588 237 654 5,
253 601 327 641 vers.
342 585 430 656 «lam,
447 583 596 660 proferens
617 583 770 642 Norrsluu
794 582 824 638 et
847 577 918 636 alios
939 594 998 633 non
1022 591 1133 649 paucos

172 681 347 741 affirmantes
360 681 567 758 impossibilem
580 702 641 742 esse
655 685 763 742 statum
775 697 857 757 purae
871 679 998 736 naturae:
1020 693 1051 731 n.
1066 677 1132 731 4-o.

172 780 352 858 Ampliorem
378 783 471 860 hujus
497 781 662 860 systematis
690 773 1058 846 enarrationemhhabebis
1094 791 1133 831 ex

172 881 385 958 objeotionibus
400 903 555 962 earumque
569 882 765 943 solutionibus
778 880 855 940 infra
869 877 980 936 dandis.

213 981 261 1040 37.
283 983 348 1042 Hoo
367 989 493 1060 systema
511 1003 543 1043 ro
561 983 640 1042 idem
662 1003 730 1042 oum
752 980 861 1040 Baiano
881 997 951 1049 esse,
974 975 1081 1034 saltem
1101 973 1133 1031 in

170 1079 313 1157 principio
337 1083 483 1158 primario,
513 1083 587 1141 mihi
614 1091 793 1159 compertum
819 1083 872 1150 est,
895 1083 925 1137 ot
952 1095 1019 1152 ergo
1047 1093 1133 1151 posse

173 1180 303 1241 damnari
322 1188 358 1243 ut
377 1157 483 1244 falsum
507 1193 537 1244 et
557 1203 707 1244 erroneum
728 1183 787 1241 imo
807 1185 842 1241 ut
861 1178 1049 1240 haereticum:
1074 1195 1133 1234 non

172 1286 216 1340 est
230 1285 329 1341 tamen
343 1284 439 1344 adhuo
452 1287 488 1344 ab
502 1283 633 1344 Ecclesia
647 1285 825 1342 damnatum.
868 1279 1018 1347 Quomodo
1032 1283 1131 1338 autem

171 1381 357 1442 distinetione
370 1385 507 1460 potentiae
522 1383 628 1443 divinae
641 1385 778 1443 absolutae
792 1387 822 1443 et
835 1379 986 1440 ordinarie
1001 1399 1031 1438 so
1042 1399 1132 1456 expe·

171 1479 252 1540 diunt
262 1482 381 1558 quidam
391 1484 481 1560 hujus
492 1484 655 1561 systematis
665 1484 834 1554 defensores,
847 1481 905 1539 vid.
917 1479 1002 1551 infra,
1018 1499 1049 1537 n.
1064 1482 1130 1537 109.

212 1585 260 1641 38.
283 1582 409 1648 Quidam
429 1588 531 1642 tenent
551 1583 646 1642 Deum
666 1582 795 1660 potuisse
816 1600 911 1641 oreore
924 1577 1076 1638 hominem
1097 1579 1132 1636 ad

174 1680 263 1740 finem
276 1702 347 1759 pure
361 1683 525 1743 naturalem
540 1686 570 1742 et
584 1685 645 1742 sine
660 1682 762 1759 gratio,
778 1681 828 1741 sed
841 1699 900 1738 uon
912 1679 1042 1756 potuisse
1063 1698 1131 1737 oum

173 1802 269 1843 oreore
293 1785 355 1844 eine
379 1804 412 1843 eo
435 1785 538 1844 saltem
566 1784 640 1843 douo
662 1783 848 1859 integritatis,
875 1800 933 1858 quo
960 1778 1133 1840 excluditur
1189 1801 1190 1818 ³

173 1885 412 1966 oonpnpisoentia.
448 1887 495 1944 Ad
509 1887 583 1944 hano
597 1886 769 1945 sententiam
780 1885 865 1963 plane
878 1881 1000 1941 inclinat
1013 1882 1131 1954 Esrrus,
1190 1908 1191 1982 y

175 1983 196 2042 l.
212 1989 240 2057 2,
258 1985 285 2042 d.
302 1989 350 2053 25,
367 1982 382 2062 5
398 1985 436 2057 6,
457 2004 531 2060 quae,
548 1985 602 2044 etsi
616 1985 702 2061 longo
716 1984 815 2044 minus
834 1981 996 2042 adootrius
1009 1982 1134 2057 probata

175 2083 320 2154 recedens,
342 2083 498 2160 rejicienda
519 2087 572 2142 est.
614 2086 663 2143 An
685 2104 754 2144 vero
777 2083 876 2143 eadem
898 2101 959 2141 erse
981 2087 1082 2157 posset
1104 2083 1134 2138 in
1191 2146 1192 2160 ¹

176 2186 255 2242 statu
268 2187 380 2242 naturae
393 2203 474 2260 purae
484 2183 719 2262 oononpisoentia
733 2184 830 2262 grauis
841 2189 870 2244 et
879 2185 1009 2255 molesta,
1023 2202 1093 2260 quae
1103 2183 1133 2241 in

175 2286 273 2342 nostro
287 2287 366 2342 sta'tu
379 2283 459 2360 lapso
473 2284 583 2356 existit,
599 2285 659 2345 vid.
675 2305 704 2344 n.
722 2286 822 2345 83-87.

216 2387 263 2443 39.
285 2383 413 2442 Probata
435 2382 628 2460 possibilitate
652 2388 745 2444 status
768 2389 882 2444 naturae
901 2401 990 2461 pum,
1014 2401 1049 2442 eo
1070 2384 1134 2460 ipso

175 2484 314 2559 probatur
328 2484 459 2544 doctriua
473 2483 624 2544 Catholioa
644 2487 774 2545 definita.
825 2487 854 2544 N
856 2505 872 2545 e
886 2504 954 2560 ergo
973 2485 1075 2543 eodem
1090 2484 1135 2544 bis

174 2590 346 2660 repetamus,
363 2584 455 2642 satius
469 2603 528 2643 esse
542 2589 677 2661 putamus
691 2585 808 2642 unioam
821 2604 926 2660 ponere
939 2583 1133 2661 proposition-

176 2702 231 2756 em,
247 2702 313 2762 quae
326 2683 413 2743 istam
428 2684 649 2761 possibilitatem
664 2685 794 2744 affirmet.

216 2885 459 2944 40.Pa01›0s1r10
482 2884 528 2943 II.
565 2884 640 2942 Dono
657 2886 753 2957 potuit
772 2889 983 2960 protoparentes
1006 2885 1038 2942 ia
1059 2891 1135 2944 stata

176 2989 284 3044 natura
298 3003 382 3062 pura
397 2984 576 3060 pertranseo·
591 3005 701 3045 neore.-
729 3005 795 3043 oeu:
816 2989 905 3042 atotuo
925 2990 1033 3043 natura
1050 3006 1137 3060 puro

171 3083 316 3160 possibilia
330 3089 378 3142 eat.

217 3292 265 3346 41.
288 3289 499 3346 Aaounanruu
513 3288 539 3346 I.
561 3306 598 3345 ax
612 3287 854 3364 propositionibus
868 3287 1021 3348 damnatis.
1064 3290 1136 3350 Pro·

153 3388 333 3464 ,positiones
356 3388 473 3447 Baionoe
498 3388 534 3446 ad
558 3407 620 3445 rem
643 3393 711 3448 sunt
734 3391 782 3461 21,
806 3393 854 3461 23,
871 3393 918 3458 24,
941 3394 988 3462 26,
1013 3394 1061 3461 55,
1085 3393 1135 3464 78,

180 3488 227 3546 79.
270 3489 385 3546 Harum
399 3487 552 3564 praeaipuae
568 3491 637 3545 sunt
648 3509 698 3546 :-

220 3594 238 3622 ⁴⁶
251 3589 396 3647 Humohae
423 3592 537 3649 naturae
565 3587 732 3648 sublimatio
754 3593 783 3647 et
804 3587 944 3648 exaltatio
965 3588 997 3646 in
1019 3608 1134 3649 oousor·

179 3687 254 3747 tium
282 3688 388 3748 divinae
415 3695 528 3748 naturae
555 3688 654 3748 debita
675 3689 734 3748 fuit
758 3687 921 3765 irrtengtati
944 3689 1045 3766 primae
1068 3710 1137 3752 oon-
