2408 4304
48 423 151 470 mer.
167 405 216 490 ιι]
286 403 342 468 De
356 403 639 490 Dszoszitbm'bus
652 405 700 470 ad
714 405 816 490 Justz'
838 427 863 472 c.
954 426 1016 492 377

51 572 214 631 Abraham
224 571 419 649 justificatum
432 572 522 630 fuisse
533 592 569 630 ex
585 573 729 650 operibus,
751 591 865 650 nempe,
882 574 1019 650 spectetis

52 675 100 730 ut
114 691 152 730 ox
166 672 223 730 fide
238 677 266 730 et
280 671 398 748 quidem
412 671 615 732 eximiaortis:
639 673 718 750 quod
727 678 757 731 et
766 675 855 732 verbs
869 673 931 750 ejus
945 675 1020 734 olere

54 771 233 846 significent
247 775 318 830 :-“
328 771 478 830 Abraham
501 775 584 847 pater
603 776 703 831 noster
724 791 819 830 nonne
834 791 871 832 ex
885 773 1021 849 operibus

48 871 242 948 justificatus
260 874 313 945 est,
337 869 460 930 offerens
482 872 566 930 Isaeo
589 859 695 930 filium'
706 891 791 930 suum
805 891 893 949 super
906 869 1022 933 altare?

53 971 155 1032 Vides
176 970 313 1049 quoniam
333 971 406 1030 fides
435 971 630 1046 cooperabatur
662 971 796 1046 operibus
831 972 903 1046 ejus,
930 977 959 1032 et
983 991 1021 1032 ex

57 1072 200 1148 operibus
213 1071 285 1129 fides
299 1075 485 1129 oonsutnmatu
505 1071 580 1143 est,”
597 1073 647 1130 dte.
664 1069 681 1148 i]
696 1093 788 1125 neoris
809 1094 949 1146 συνηρ-γει
961 1095 1020 1128 roso
1069 1113 1080 1124 .

63 1193 162 1243 εργοιι
196 1193 289 1242 αυτου,
327 1193 372 1226 και
407 1193 438 1225 εκ
471 1193 527 1227 των
562 1194 656 1244 sppwv
686 1169 703 1248 ἦ
732 1193 824 1226 alosis
855 1176 1018 1248 ετελειωθη.

60 1273 92 1332 S.
110 1270 236 1330 Jaoobus
261 1271 297 1328 de
321 1265 455 1346 operibus
475 1267 600 1330 Abrahae
621 1271 761 1348 loquitur,
785 1275 820 1330 ut
833 1291 931 1330 revera
945 1272 1021 1332 faeta

60 1372 142 1439 sunt,
157 1389 223 1428 oum
236 1369 294 1428 fide
307 1369 520 1428 necessitudine
542 1369 703 1429 arctissima
714 1374 744 1429 et
757 1370 940 1448 penitissima
954 1389 1021 1430 eon·

57 1469 278 1546 junctis-istis
300 1469 419 1541 duobus,
446 1458 510 1528 'fide
533 1473 563 1528 et
593 1469 736 1546 operibus,
761 1489 853 1528 unum
876 1470 1020 1547 quoddam

59 1573 161 1630 totum
175 1574 204 1629 et
217 1569 377 1647 perfeetum
386 1569 586 1630 efficientibus.
608 1571 658 1630 ’8.
671 1570 781 1628 Paulus
789 1589 857 1629 vero
868 1571 904 1630 de
917 1571 1020 1630 iisdem

57 1655 193 1747 loquitur
207 1670 349 1747 operibus,
366 1675 400 1728 ut
415 1689 447 1728 es
462 1670 648 1746 contemplati
669 1674 738 1727 sunt
756 1671 775 1728 J
777 1670 862 1740 udaei,
877 1674 1017 1747 tanquam

59 1789 115 1847 per
130 1789 160 1828 se
173 1775 202 1829 et
215 1769 443 1846 independenter
464 1789 481 1828 a
499 1769 558 1827 fide
582 1769 803 1844 disponentibus
817 1771 853 1828 ad
874 1772 1020 1846 justifies·

60 1869 183 1929 tionem.
219 1869 290 1936 Quae
309 1868 405 1927 omnia
426 1868 520 1944 magis
554 1869 647 1926 adhue
665 1869 820 1928 firmantur
840 1871 1022 1930 eonolusione

61 1969 94 2028 S.
110 1971 131 2028 J
133 1967 222 2040 aoobi,
238 1987 310 2027 vers
326 1973 364 2026 24
376 1972 448 2027 :-“
459 1967 576 2026 Videtis
600 1968 736 2044 quonism
754 1988 789 2026 ex
810 1969 944 2046 operibus
953 1971 1017 2048 jus·
1088 1955 1096 1973 ’

58 2071 193 2129 tifieatur
206 2071 300 2140 homo,
315 2074 344 2129 et
357 2089 416 2128 non
439 2089 477 2128 ex
495 2070 552 2129 fide
576 2069 719 2128 tantumn
761 2071 895 2148 Insuper,
912 2077 1016 2131 notan·

60 2172 135 2230 dum
148 2175 192 2230 est
205 2171 235 2231 S.
250 2173 271 2230 J
272 2171 391 2230 aeobum
415 2170 555 2229 affirmare
576 2169 724 2229 hominem
738 2189 775 2230 ex
788 2171 915 2246 operibus
925 2173 1015 2250 justi-

59 2269 154 2344 ficari,
179 2271 247 2328 dum
262 2271 301 2346 ,8.
326 2269 436 2328 Paulus
458 2273 545 2346 negat
568 2269 716 2329 hominem
740 2289 778 2329 ex
799 2272 933 2347 operibns
947 2275 1016 2349 lepis

37 2371 224 2451 'justificari
272 2373 335 2432 Ista
365 2377 463 2432 autem
493 2372 603 2430 loeutio
634 2375 653 2405 “
668 2390 755 2447 opera
781 2371 884 2446 legis''
907 2374 1015 2433 nullibi

60 2471 212 2531 invenitur
219 2471 250 2530 in
258 2472 297 2531 N.
309 2472 493 2531 Testamento
503 2470 561 2530 nisi
571 2470 604 2529 in
614 2470 697 2547 epist.
709 2471 745 2529 ad
754 2471 838 2529 Rom.
851 2481 881 2530 et
890 2471 921 2530 in
935 2491 969 2532 es
980 2473 1016 2532 ad

61 2571 181 2632 Galatas
193 2591 200 2632 τ
215 2573 277 2632 haee
290 2591 356 2630 vero
367 2591 410 2650 ep.
421 2570 497 2631 sieut
506 2575 536 2631 et
546 2589 590 2648 ep.
605 2571 640 2630 ad
652 2557 855 2646 Rom.'soripte
864 2574 909 2631 est
923 2573 958 2630 sd
970 2591 1014 2630 er-

60 2690 158 2731 rorem
166 2671 250 2730 illum
260 2671 471 2748 profligandum
483 2672 518 2730 de
531 2670 686 2729 intrinseco
697 2675 727 2728 et
737 2669 911 2746 perdurante
918 2670 1016 2731 valore

67 2789 188 2848 operum
202 2770 286 2846 legis,
304 2773 355 2830 dre.
365 2774 399 2829 ut
413 2789 507 2848 supra,
524 2790 552 2830 n.
570 2773 617 2840 69,
635 2770 681 2842 71,
698 2769 826 2838 etiaim,
840 2789 869 2828 n.
887 2774 934 2829 86.

105 2874 151 2928 84.
175 2871 217 2930 30.
234 2871 276 2947 (n.
293 2870 354 2947 80).
376 2871 425 2928 Ex
438 2870 533 2928 verbis
548 2871 577 2929 S.
594 2869 614 2928 J
616 2869 696 2928 eoobi
717 2869 805 2927 nimis
827 2868 1015 2930 manifestum

62 2976 178 3030 estnon
192 2967 284 3028 solnm
297 2969 385 3028 fidem
399 2969 523 3028 Abrahae
535 2971 701 3046 operantem
711 2967 810 3041 fuisse,
826 2969 877 3028 sed
889 2974 920 3028 et
930 2989 1015 3046 opera

62 3071 129 3145 ejus
141 3087 200 3127 non
212 3087 290 3126 mera
313 3068 403 3128 tuisse
424 3069 506 3144 signa
528 3072 580 3126 aut
600 3068 712 3126 fruetus
730 3067 959 3144 justifiestionis‚
979 3073 1015 3128 ut

61 3167 164 3227 dieunt
177 3167 342 3238 adversarii,
368 3168 417 3226 sed
433 3153 524 3226 simul
541 3187 607 3226 eum
633 3167 691 3226 fide
712 3167 851 3243 conjungi
874 3170 1013 3244 tanquam

61 3267 263 3344 dispositiones
277 3267 444 3327 essentiales
458 3269 494 3326 ad
504 3267 755 3346 justificationem.

105 3373 151 3428 85.
179 3367 297 3444 Urqetsn
311 3369 340 3426 2.
362 3369 429 3427 Non
446 3367 505 3426 fuit
519 3368 547 3427 S.
563 3367 654 3426 Paulo
668 3365 847 3443 propositum
864 3363 1014 3440 praefatam

63 3467 297 3544 superstitionem
312 3472 354 3545 (n.
372 3467 418 3540 71,
434 3467 485 3546 73)
499 3467 668 3526 Judaeorum
682 3465 859 3541 improbare:
882 3464 1013 3523 eamdem

64 3567 141 3627 enim
155 3567 370 3627 distinctionem
394 3567 472 3626 inter
488 3567 576 3626 fidem
590 3569 621 3626 et
634 3583 720 3642 opera
741 3565 850 3641 profert
863 3563 895 3622 in
909 3563 1004 3640 Epist.

64 3667 100 3727 sd
114 3668 239 3742 Galatas,
254 3668 286 3728 ii.
305 3671 350 3742 16,
367 3668 419 3748 qui
433 3671 515 3728 erant
529 3667 659 3728 Gentiles
674 3664 815 3728 conversi.
