2410 4314
382 983 770 1080 PRAEFATIO‘

476 1213 646 1246 -φ-

91 1373 136 1438 ΙΝ
158 1375 218 1439 hoc
240 1395 334 1459 opere
351 1375 581 1459 componendo,
603 1395 679 1438 eum
698 1393 763 1437 non
782 1373 819 1436 in
839 1360 1044 1456 solaexposi-

91 1502 186 1566 tione
209 1506 243 1565 et
266 1501 451 1566 defensione
473 1501 632 1566 doctrines
652 1500 797 1565 definitae
812 1499 931 1564 versari
945 1497 1046 1575 volui,

90 1629 148 1693 sed
170 1630 282 1708 etiam,
298 1634 458 1712 quantum
479 1649 538 1713 pro
560 1631 686 1692 ratione
705 1629 810 1712 operis
825 1625 1044 1710 compendiosi

91 1756 124 1815 et
148 1752 184 1814 in
205 1772 301 1817 usum
325 1752 505 1816 scholarum
532 1753 688 1816 destinati
711 1751 837 1827 liceret,
857 1749 894 1812 in
915 1767 1044 1812 enarra·

90 1881 183 1945 tione
204 1882 407 1967 quarundam
429 1882 648 1965 quaestionum
672 1880 945 1957 scholasticarum,
968 1897 1043 1941 nec·

93 2026 159 2071 non
174 2012 208 2072 et
222 2005 367 2092 plurium
383 2009 628 2085 sententiarum,
643 2029 714 2091 quse
729 2007 781 2071 vel
796 2007 928 2084 omnino
941 2005 1044 2068 libere

93 2135 307 2219 disputabiles
319 2141 407 2215 sunt,
417 2137 480 2215 vel,
495 2138 557 2201 etsi
572 2138 676 2220 magis
690 2140 827 2220 receptae
842 2139 876 2198 et
891 2134 1044 2218 probatae‚

94 2281 159 2325 non
181 2271 257 2326 sunt
279 2268 389 2327 tamen
404 2269 515 2347 aperte
532 2263 687 2328 definitae.
733 2263 784 2326 Ad
799 2263 859 2325 hoc
874 2261 1047 2325 consilium
1133 2231 1135 2236 Ι

95 2391 292 2474 sequendum
308 2392 432 2456 duabus
449 2394 552 2456 causis
568 2413 632 2455 non
647 2392 773 2456 levibus
788 2391 947 2454 adductus
963 2409 1045 2452 sum.

142 2518 245 2584 Causa
273 2521 381 2603 prims
410 2521 480 2586 hoec
509 2526 568 2584 est.
621 2518 664 2584 In
693 2520 753 2582 hoc
786 2523 978 2604 argumento
1007 2517 1047 2579 de

95 2644 221 2724 Gratia,
244 2665 311 2729 prae
337 2646 451 2730 quovis
477 2645 552 2722 alio,
577 2644 759 2708 doctrinam
781 2642 951 2706 definitam
973 2661 1044 2725 per·

96 2772 205 2854 spicue
223 2771 363 2834 indicari
378 2776 517 2855 oportet,
532 2774 580 2835 ita
597 2776 636 2834 ut
653 2771 695 2834 ab
710 2770 918 2854 opinionibus
932 2767 1044 2832 liberis

95 2901 243 2985 expedite
254 2900 488 2986 distinguatur.
533 2902 630 2986 Apud
640 2902 728 2964 enim
739 2921 804 2964 non
815 2920 918 2963 unum
933 2905 1044 2965 aucto-

96 3051 173 3108 rem,
195 3051 235 3094 ex
258 3031 360 3095 altera
381 3037 484 3114 parte,
506 3032 740 3116 propositiones
760 3031 864 3114 reperi
881 3028 1043 3094 utminus

92 3179 183 3222 sanas
209 3163 348 3235 notatas,
377 3179 448 3242 quae
476 3161 607 3222 omnino
637 3180 723 3226 sanos
750 3164 847 3234 sunt;
877 3179 915 3222 ex
940 3157 1043 3221 altera

92 3305 174 3363 vero,
194 3286 428 3368 propositiones
443 3283 598 3368 allegatas
613 3289 651 3348 ut
668 3285 860 3370 obligatorie
875 3286 1041 3362 tenendas,

93 3433 163 3496 quse
178 3419 288 3477 tamen
310 3413 379 3478 sine
401 3413 469 3477 ulla
488 3419 566 3478 nota
580 3419 787 3498 negarentur,
807 3415 874 3478 imo
889 3435 962 3497 quse
977 3414 1041 3477 for·

94 3561 147 3604 san
162 3540 391 3604 multominus
414 3542 595 3625 probabiles
614 3548 729 3608 essent.
780 3542 826 3606 Ut
842 3547 952 3607 autem
967 3543 1040 3607 doc·

93 3665 185 3775 trinos
206 3665 349 3733 definitos
368 3670 531 3752 apiscitis
558 3673 755 3737 scholasticis
780 3681 985 3740 secernantur
1006 3680 1040 3738 et
