2402 4292
27 421 143 469 nrsr.
160 399 207 487 x.]
284 400 339 466 De
353 375 635 486 Dc'sposzi‘z'onzdus
649 398 696 464 od
711 397 859 488 Justcfic.
948 420 1013 486 359

83 570 145 629 84.
167 567 262 646 Major
274 567 392 629 evidens
405 585 466 627 esse
479 565 608 627 videtur.
644 564 676 626 Si
690 565 768 626 enim
781 565 853 626 fides
867 584 933 627 oum
947 585 1011 644 pec·

32 674 116 730 cato
140 667 273 746 componi
293 667 390 745 possit,
407 686 474 743 ergo
497 665 608 744 aliquid
633 665 722 740 aliud,
738 670 843 744 praeter
865 666 960 736 fidem,
975 667 1013 727 ad

32 772 208 846 peccatum
234 767 440 844 expellendum
459 766 631 845 pequiritur.
671 767 749 842 Ergo
771 767 843 826 fides
869 766 929 826 sola
956 787 1014 828 non

28 869 206 945 justificat.
247 867 317 928 Vim
330 867 419 944 hujus
433 867 599 944 argumenti
621 866 737 926 eludere
751 871 892 927 conantur
911 868 1013 928 edver-

33 967 132 1040 sarii,
159 968 296 1038 dicentes,
317 966 372 1027 etsi
395 966 467 1026 fides
491 966 552 1025 sola
571 965 725 1044 justificet,
740 969 843 1044 utpote
866 985 932 1044 quae
954 967 1014 1028 sola

34 1067 246 1147 apprehendit
254 1066 400 1146 justitiam
422 1066 532 1127 curisti
552 1065 593 1144 (d.
610 1071 638 1136 9,
652 1083 682 1126 n.
699 1066 762 1145 44),
784 1073 815 1126 et
833 1085 900 1144 ergo
925 1087 1012 1146 opera

31 1170 126 1228 bona
144 1167 222 1228 nihil
241 1167 390 1227 conferant
403 1165 440 1226 ad
464 1165 715 1244 justificationem,
732 1185 767 1226 ea
785 1169 883 1226 tamen
902 1167 1012 1244 requiri
1043 1167 1045 1174 ’
1099 1171 1103 1178 ’

39 1275 81 1332 ut
98 1271 223 1332 comites
239 1266 469 1346 justificationis,
483 1269 518 1328 ut
538 1267 603 1345 ejus
626 1266 708 1342 signa
721 1269 751 1326 et
764 1268 885 1329 fructus.
926 1269 1011 1344 Resp.

42 1371 154 1448 Opera
175 1370 233 1430 ista
245 1371 322 1429 bona
343 1371 511 1447 spectantur
523 1367 572 1428 vel
592 1369 628 1427 ut
651 1367 850 1428 antecedentia
870 1367 1014 1446 justifica·
1061 1423 1066 1434 ,

45 1471 169 1531 tionem
180 1469 230 1530 vel
242 1471 278 1530 ut
290 1487 353 1530 earn
371 1466 532 1547 sequentia.
573 1467 606 1527 si
617 1466 762 1545 posterius
781 1466 904 1541 dicatur,
919 1469 1015 1548 objec-

44 1572 93 1633 tio
109 1589 229 1650 prorsus
249 1574 333 1631 extra
345 1588 408 1630 rem
421 1571 483 1630 estr
511 1567 572 1629 sola
592 1567 671 1628 enim
684 1567 805 1647 quaestio
823 1569 872 1630 hic
885 1573 938 1642 est,
953 1589 1013 1630 non

46 1673 87 1733 de
101 1671 209 1732 merito
230 1687 414 1749 quocumque
435 1688 554 1748 operum
575 1687 642 1747 quae
655 1668 733 1728 fiunt
745 1669 781 1728 ab
794 1669 911 1729 homine
921 1669 1012 1748 justo,

46 1775 157 1834 sedda
179 1773 217 1832 iis
238 1789 305 1851 qnae
327 1771 493 1849 praetendo
515 1773 584 1830 sunt
597 1789 614 1829 a
626 1773 775 1848 peccatore
795 1774 831 1830 ut
843 1770 895 1830 fiat
904 1770 1013 1848 justus.

47 1874 91 1933 In
106 1872 270 1950 objectione
283 1889 360 1947 orgo,
375 1872 413 1930 ut
425 1869 536 1947 aliquid
549 1870 646 1930 valere
671 1870 770 1947 possit,
782 1870 940 1930 necessario
954 1871 1013 1946 sig·

48 1973 213 2033 nifioantur
232 1990 319 2048 opera
339 1969 538 2030 antecedentia
548 1957 795 2047 justificationem.
836 1971 908 2030 Dico
922 1970 1015 2047 igitur

52 2073 97 2144 10,
121 2071 147 2131 si
161 2071 273 2150 aliquid
286 2069 375 2143 aliud,
390 2072 497 2146 praeter
510 2069 606 2142 fidem,
618 2089 802 2149 quocumque
812 2069 901 2132 titulo
915 2071 1014 2150 requi·

49 2176 137 2233 rator
150 2172 180 2232 in
194 2174 342 2248 peccatore
354 2173 390 2230 ut
398 2169 577 2248 justificetur
585 2191 593 2244 ;
614 2189 681 2246 ergo
695 2189 753 2230 non
763 2170 941 2248 justificatur
955 2171 1014 2230 nisi
1119 2169 1123 2178 '

53 2290 89 2331 ea
112 2270 276 2331 conditione
299 2269 430 2330 utillud
451 2268 533 2329 aliud
554 2273 699 2346 ponatur3
728 2289 796 2346 ergo
822 2270 898 2330 illud
922 2270 1012 2342 aliud,

53 2389 113 2430 non
140 2369 238 2430 minus
264 2387 297 2428 oo
321 2368 403 2439 fides,
431 2371 476 2429 est
496 2367 625 2426 conditio
651 2368 812 2428 essentialis
838 2369 876 2428 ad
898 2369 1011 2447 justifi-

55 2473 209 2531 cationem.
259 2469 303 2530 2⁰.
334 2470 403 2528 dam
430 2467 473 2547 (n.
502 2468 555 2546 39)
588 2467 774 2544 probabimus
807 2487 894 2546 opera
926 2470 1011 2542 bona,

56 2589 133 2648 quae,
154 2573 262 2648 preter
280 2569 378 2642 fidem,
393 2567 583 2645 requiruntur
602 2568 639 2626 ad
649 2567 898 2645 justificationom,
913 2569 1014 2629 eodem

56 2671 141 2731 modo
168 2689 201 2730 ao
228 2671 292 2748 ipsa
317 2670 390 2730 fides
416 2669 454 2729 ad
480 2687 544 2728 eam
571 2667 730 2746 disponere.
774 2667 843 2730 vid.
868 2671 898 2728 et
924 2667 1011 2736 infra,

58 2790 88 2834 n.
105 2776 151 2834 89.

98 2879 144 2936 35.
165 2861 311 2934 Ρωδαωέ
328 2871 432 2944 minor,
447 2889 477 2932 n.
493 2872 541 2932 33.
587 2870 627 2932 10.
650 2869 746 2930 “Non
766 2869 844 2930 enim
865 2870 1013 2932 auditores
1071 2909 1074 2913 -

57 2973 130 3051 legis
148 2974 225 3052 justi
248 2976 316 3033 sunt
339 2971 416 3050 apud
439 2971 544 3042 Deum,
565 2970 614 3029 sed
635 2968 758 3030 factores
776 2969 851 3048 legis
866 2970 1011 3049 ¹justifica·

58 3071 194 3133 buntur.”
235 3073 320 3132 Rom.
340 3070 372 3132 ii.
396 3074 442 3131 13.
484 3068 634 3146 Quicquid
652 3070 794 3130 vocabulo
817 3073 1010 3133 “auditores”

62 3171 217 3252 (expensor)
239 3191 291 3249 per
314 3190 344 3230 se
367 3173 398 3230 st
411 3169 519 3230 directe
543 3169 733 3247 significetur,
755 3189 823 3231 sane
846 3191 905 3232 non
929 3176 1013 3234 erant

60 3273 129 3332 meri
142 3273 286 3332 auditores
306 3275 336 3331 et
348 3289 408 3330 non
421 3271 589 3331 credentes:
611 3275 683 3330 tunc
697 3271 775 3331 enim
795 3271 910 3332 auditor
923 3291 1012 3350 oppo-

60 3377 172 3435 neretur
185 3373 314 3448 credenti,
332 3373 382 3434 sed
395 3372 427 3431 in
440 3375 528 3432 textu
539 3372 696 3450 opponitur
701 3372 833 3450 scotomi.
874 3374 1009 3452 Insuper,

61 3495 139 3538 nemo
151 3495 281 3556 unquam
302 3475 426 3554 putabat
439 3493 548 3534 meram
570 3475 722 3552 physicam
745 3475 924 3536 auditionem
937 3477 1012 3553 legis

62 3594 116 3636 non
129 3577 244 3638 creditae
254 3575 409 3636 ullomodo
421 3575 580 3636 conducere
591 3575 628 3634 nd
637 3573 884 3653 justificationem.
919 3577 1012 3639 Erant
1035 3625 1037 3628 -

63 3695 124 3760 ergo
143 3677 196 3765 qui
215 3676 704 3754 audieruntoredentes,etto1nen
723 3693 761 3742 ex
773 3676 828 3738 hoc
848 3696 907 3743 non
928 3681 1012 3744 erant
