2410 4314
44 453 142 498 mer.
160 433 214 518 11.]
262 431 317 496 De
332 431 481 497 Statibus
495 432 666 498 Humane
681 433 835 498 Natura.
970 455 1009 516 47

44 597 179 658 ditionis
193 600 332 658 creaturae
352 597 441 658 fluxae
461 605 490 658 et
508 598 628 674 fragilis,
644 598 739 676 qualis
752 598 783 656 vi
802 598 919 658 termini
939 605 1013 660 esset

45 699 144 758 homo
172 699 201 756 in
229 698 310 774 puris
336 697 528 770 naturalibus,
557 702 701 774 repugnat
728 704 763 758 ut
791 698 854 758 ulla
881 704 1012 759 ereatura

45 799 240 858 rationabilis
261 803 290 859 et
307 799 407 872 libera,
428 801 458 858 et
478 798 612 858 omnibus
631 799 783 876 praeceptis
802 799 875 875 legis
895 800 1012 859 moralis

47 899 195 982 obligata,
214 899 313 976 possit,
329 918 367 957 ex
387 897 454 956 eolis
474 917 534 958 suaa
554 902 666 957 naturae
686 898 799 957 viribus
819 903 849 956 et
869 898 930 958 sina
950 899 1011 958 ullo
1073 939 1079 946 ·

49 997 170 1057 auxilio
184 997 302 1074 speoiali
322 997 387 1070 Dei,
404 996 501 1056 omnia
514 997 605 1055 officia
618 996 703 1056 istius
722 995 796 1072 legis
813 997 900 1056 etiam
921 998 1011 1057 ardua

49 1101 152 1158 faeere
179 1102 209 1158 et
229 1097 403 1159 tentationes
421 1111 525 1174 'graves
551 1098 736 1157 adversantes
755 1117 900 1176 superare,
921 1103 952 1158 et
978 1098 1010 1157 id

47 1217 115 1260 non
136 1200 226 1260 semel
244 1202 361 1260 tantum
380 1205 410 1260 et
422 1199 528 1258 iterum
543 1199 594 1257 sed
606 1217 658 1276 per
670 1201 762 1258 totam
775 1199 881 1272 vitam
904 1199 947 1260 its
966 1206 1008 1269 ut,

47 1299 118 1359 aine
139 1299 201 1358 ullo
215 1299 268 1360 tali
287 1297 408 1371 auxilio,
424 1299 511 1358 finem
532 1318 617 1358 suum
637 1297 775 1357 ultimum
795 1299 921 1376 perfecta
935 1317 1010 1359 asse-

50 1400 167 1476 quatur
193 1402 222 1459 at
244 1396 309 1458 ideo
334 1397 553 1469 beatitudinem,
575 1397 739 1458 naturalem
763 1398 880 1474 quidem
903 1398 952 1457 sed
978 1397 1010 1456 in

50 1497 109 1558 illo
138 1497 238 1558 ordine
265 1516 417 1571 summam,
438 1497 471 1558 in
496 1499 651 1576 perpetuas
677 1497 854 1557 eternitates
880 1497 1009 1574 gauden-

52 1598 135 1656 dam.

99 1701 148 1755 93.
170 1695 253 1756 Siout
265 1715 333 1772 ergo
346 1696 378 1756 in
388 1695 524 1774 praesenti
534 1695 634 1754 ordine
648 1695 732 1754 homo
742 1695 840 1774 justus
854 1700 884 1754 et
895 1698 1011 1756 sanetus

52 1816 115 1856 non
129 1799 225 1876 potest
237 1795 268 1856 vi
282 1797 363 1856 illius
373 1796 499 1874 justitiae
519 1795 551 1854 in
565 1814 599 1855 ea
612 1795 674 1866 diu,
689 1795 752 1855 eine
772 1793 874 1871 gratiis
889 1796 1008 1855 actuali-

51 1900 120 1967 bus,
141 1915 321 1974 perseverare
335 1897 377 1973 (d.
399 1901 426 1968 5,
442 1916 469 1954 n.
486 1899 532 1969 58,
550 1898 615 1973 do.)
625 1915 633 1966 ;
651 1895 694 1954 ita
711 1899 741 1954 et
753 1895 838 1954 homo
855 1895 887 1954 in
905 1899 1010 1955 natura

49 2016 137 2075 pura,
162 1997 256 2056 adhue
278 1995 418 2056 immunis
439 2015 456 2055 a
476 2001 593 2074 peooato
617 1995 724 2074 (sermo
745 1994 823 2055 enim
839 1995 888 2054 hia
908 1999 953 2056 est
974 1997 1009 2055 de

52 2100 163 2158 natura
175 2115 257 2174 pura,
272 2098 308 2156 ut
321 2095 371 2169 sio,
387 2115 445 2155 non
459 2096 495 2156 da
508 2097 613 2155 natura
632 2095 710 2154 faeta
722 2114 774 2172 per
787 2103 938 2172 peooatum
952 2095 1007 2154 im-

53 2195 152 2274 pura).
167 2213 226 2254 non
245 2197 341 2273 posset
355 2193 417 2254 sine
436 2193 556 2254 auxiliis
575 2193 737 2254 aetualibns
755 2194 937 2254 naturalibus
956 2195 1008 2254 diu

53 2296 89 2354 iu
110 2295 175 2371 lege
196 2313 249 2356 sue
272 2295 414 2354 servanda
435 2311 627 2372 perseverare.
668 2295 717 2365 Et,
743 2293 819 2353 siout
838 2294 937 2372 justus
959 2293 1009 2354 ille

54 2399 154 2454 noster
168 2413 280 2471 semper
288 2411 320 2453 ao
333 2393 525 2454 necessarium
539 2396 583 2453 est
595 2393 683 2452 habet
696 2391 819 2470 gratiam
833 2392 972 2453 orationis
981 2397 1010 2454 et

57 2493 178 2573 quidem
198 2493 330 2571 proxime
343 2493 542 2566 sufficientem,
557 2492 654 2570 quasi
670 2493 745 2552 bene
764 2495 874 2565 utatur,
889 2493 1011 2570 aooipiet

56 2594 165 2670 gratias
190 2593 256 2653 illas
283 2593 425 2665 actualem
451 2592 494 2652 ite
520 2596 551 2651 et
572 2593 657 2650 homo
678 2590 734 2651 iste
757 2593 789 2650 in
802 2594 915 2650 'natura
937 2611 1010 2668 pura

54 2694 183 2767 haberet,
199 2695 238 2765 et,
255 2692 279 2752 si
293 2693 374 2766 velis,
389 2692 421 2752 in
434 2692 497 2769 ipsa
510 2695 688 2762 manatura,
703 2691 803 2750 lumen
817 2694 847 2751 et
865 2689 1009 2751 auxilium

54 2793 199 2852 suffioieus
212 2793 248 2852 ad
264 2793 403 2852 orandum
421 2792 518 2851 Deum
535 2809 586 2866 pro
603 2790 722 2849 auxiliis
738 2791 901 2850 actualibus
914 2789 963 2850 hio
979 2794 1009 2849 at

53 2911 132 2952 nuno
146 2891 313 2952 necessariis
327 2896 362 2951 ut
375 2910 428 2950 aua
441 2895 560 2968 prestet
574 2889 667 2950 offioia
680 2889 789 2967 gravia.

95 2996 142 3052 94.
165 2992 273 3052 Censeo
287 3009 354 3066 ergo
371 2990 466 3050 Deum
479 3008 538 3050 non
550 3007 632 3066 possa
646 2989 742 3048 ullum
760 2987 888 3049 ordinem
901 2989 1007 3050 eonsti-

54 3095 145 3164 tuare,
160 3090 264 3168 inquo
278 3093 409 3150 ereatura
420 3088 579 3162 rationalis,
595 3091 625 3149 et
638 3080 675 3148 ad
688 3089 776 3148 finem
789 3093 904 3148 aterna
918 3090 1008 3149 beati·
1047 3092 1049 3098 '

57 3189 167 3250 tudinis
186 3190 218 3250 in
234 3211 286 3251 suo
305 3189 426 3250 termino
443 3189 627 3267 assequenda
646 3188 798 3262 destinate,
814 3189 892 3250 hune
909 3190 1007 3262 finem,

57 3289 112 3349 sibi
128 3288 230 3350 relicta
249 3293 279 3350 et
299 3289 362 3349 sine
379 3288 497 3367 speoiali
518 3287 710 3366 dependentis
723 3287 755 3346 iu
771 3289 866 3348 Deum
886 3293 916 3348 et
931 3288 1009 3347 indi·

57 3388 155 3466 gentia
175 3388 307 3466 speoialis
328 3389 435 3448 auxilii
456 3387 523 3462 Dei,
544 3387 687 3464 attingere
709 3390 814 3465 posset.
856 3387 1009 3460 Darinou

57 3492 151 3566 potest
172 3489 253 3549 ullus
276 3489 416 3567 ejusmodi
439 3492 578 3550 ereatura
600 3491 692 3548 status
716 3507 768 3548 seu
791 3487 869 3560 ordo,
892 3486 924 3545 iu
951 3505 1009 3564 quo

57 3588 215 3659 neomaenia
226 3607 284 3650 uon
300 3593 375 3651 esset
387 3593 418 3650 et
434 3592 578 3666 prerepto
597 3591 627 3648 et
639 3587 733 3648 medio
746 3585 849 3663 religio
863 3590 893 3647 et
912 3587 1009 3646 uultus

58 3689 181 3750 divinus.
224 3691 259 3750 In
286 3692 368 3752 cultu
392 3693 490 3752 autern
510 3689 566 3749 isto
591 3687 772 3767 precipuum
799 3687 896 3747 looum
922 3687 1009 3746 habet
