2410 4314
92 435 176 538 uiso.
194 475 247 559 ru]
295 471 514 538 DeSc‘atz'bur
529 471 700 536 Humana
714 472 868 537 Nature.
1004 494 1039 555 51

90 638 228 700 disertius
249 643 279 699 at
297 639 421 718 planius,
443 643 540 698 actum
564 639 682 715 agendo,
707 637 877 715 significare.
917 639 977 699 Hic
1001 645 1044 700 ast

90 739 169 799 enim
190 759 262 799 usus
283 739 422 818 loquendi
443 737 630 810 notissimus,
643 742 673 798 et
693 737 725 798 in
747 739 825 798 omni
839 739 941 815 lingua
965 741 1044 817 apud

89 861 188 900 omnes
212 845 314 916 gentes
336 841 465 900 excultas
486 837 630 911 solemnis,
645 842 689 910 ut,
706 839 731 897 si
749 841 785 898 ab
803 838 887 898 initio
905 841 1043 899 sermonis

88 942 299 1020 cujuscumque
314 941 395 1018 signo
410 959 592 1018 quecumque
611 939 686 1000 claro
702 943 813 1000 constet
826 943 855 999 te
873 940 989 999 nonnisi
1007 942 1042 1000 de

87 1061 149 1100 una
169 1041 264 1119 speeie
283 1041 325 1100 rei
346 1041 466 1101 verbum
484 1041 587 1110 facere,
602 1039 766 1098 nouaclum
787 1059 859 1118 opus
878 1041 990 1100 nonsit
1009 1043 1044 1100 ut

85 1142 197 1202 iterum
211 1141 375 1218 iterumque
389 1139 485 1200 verbis
503 1139 608 1200 diserte
622 1139 765 1215 significes
779 1142 809 1200 te
825 1140 860 1200 de
878 1139 935 1200 alia
949 1143 1042 1218 specie

85 1260 144 1299 non
165 1240 255 1318 loqui,
278 1259 379 1299 verum
400 1240 488 1300 etiam
507 1239 550 1298 ita
570 1258 654 1316 agere
673 1239 820 1316 inelegans
840 1244 923 1314 assat,
939 1242 1041 1301 verbo·

83 1359 151 1399 sum
166 1343 196 1399 et
209 1340 369 1416 tautologia
382 1340 510 1400 molesta.
539 1339 595 1413 Sic,
608 1342 643 1399 ut
653 1340 786 1416 example
796 1359 834 1418 aar
847 1340 901 1399 hoe
914 1343 1039 1401 tractatu

81 1441 241 1512 desumam,
267 1441 395 1518 theologi
421 1440 592 1499 disserentes
619 1439 655 1498 da
680 1439 850 1499 necessitate
877 1439 977 1516 gratiae
1005 1442 1042 1500 ad

81 1559 171 1617 opera
185 1539 326 1599 salutaria
339 1543 391 1599 aut
411 1539 447 1599 da
460 1538 629 1600 necessitate
650 1539 831 1598 contritionis
845 1541 888 1619 ad
898 1539 1040 1617 justifica-

85 1639 206 1710 tionem,
222 1659 281 1700 non
302 1640 493 1717 interponunt
509 1643 651 1717 perpetuo
675 1639 898 1713 distinctionem,
914 1640 1041 1700 dicantes

86 1760 118 1799 se
131 1760 190 1798 non
204 1739 336 1824 loqui-de
349 1740 443 1816 gratia
455 1760 528 1816 pure
542 1738 708 1798 medicinali
722 1743 772 1798 aut
786 1739 822 1798 da
832 1738 1041 1816 justificatione

84 1841 229 1914 seeunda3
252 1841 388 1918 quoniam
402 1841 438 1899 ab
451 1839 536 1899 in'itio
557 1841 658 1898 notum
672 1843 716 1899 est
729 1859 777 1900 eos
790 1839 871 1917 loqui
892 1839 928 1900 da
948 1841 1042 1917 gratia

83 1940 219 1999 elevante
233 1943 263 2000 et
277 1941 312 1999 de
323 1939 533 2017 justificatione
543 1935 645 2018 prima.

128 2043 195 2098 104.
216 2039 261 2099 De
275 2059 307 2098 ao
322 2040 401 2117 quod
422 2039 521 2099 subdit
538 2038 586 2098 hic
600 2040 701 2098 auctor
722 2037 857 2116 (ibidem)
873 2039 908 2099 de
928 2039 1040 2100 duabus
1063 2042 1066 2049 '

80 2137 328 2216 propositionibus
338 2139 403 2198 Boii
417 2139 479 2216 (34,
493 2140 544 2218 36)
558 2139 733 2216 negantibus
744 2139 890 2218 duplicem
904 2160 1037 2213 amorem,

77 2239 245 2298 naturalem
258 2243 288 2299 et
301 2239 563 2318 supernaturalem
574 2257 687 2317 nempe,
703 2257 751 2299 eas
765 2259 824 2298 essa
839 2240 988 2300 damnatas
1003 2243 1039 2301 ob

82 2357 215 2398 censurae
236 2339 431 2412 acrimoniam,
447 2339 505 2397 vid.
521 2359 615 2416 supra,
631 2357 660 2397 n.
675 2343 723 2399 45.

52 2506 53 2510 η
131 2443 194 2499 105.
221 2439 319 2517 Oljact.
342 2445 369 2499 5.
393 2438 634 2517 Concupiscentia
654 2443 698 2499 est
710 2439 882 2522 naturasua
895 2445 925 2500 et
944 2460 996 2518 per
1009 2461 1039 2501 se

83 2539 197 2598 malum
220 2539 336 2617 (utique
350 2540 481 2619 morale),
498 2543 528 2599 et
548 2558 640 2616 poena
662 2539 781 2616 peccat'.
822 2539 909 2613 Idem,
924 2540 994 2600 ibid.
1010 2546 1040 2601 at

82 2658 110 2698 c.
130 2642 175 2698 13.
217 2639 279 2711 Est,
296 2639 332 2711 1⁰,
345 2657 397 2716 per
410 2658 440 2698 se
454 2643 484 2699 et
496 2641 602 2698 natura
615 2657 668 2698 sua
682 2638 807 2708 malum;
822 2637 949 2716 impellit
961 2640 1039 2700 enim

81 2739 117 2798 in
137 2741 296 2816 peccatum.
338 2739 401 2798 Neo
422 2737 546 2798 solvitur
559 2737 682 2816 objectio
696 2737 816 2797 dicendo
836 2737 1039 2816 eoncupiscen-

80 2837 157 2898 tiam
171 2857 231 2898 esse
244 2837 276 2896 in
290 2857 320 2902 se
333 2837 556 2910 indifferentem,
572 2841 602 2898 et
615 2836 764 2914 impellere
777 2835 809 2894 in
823 2837 931 2896 bonum
951 2837 1039 2897 sensi-

82 2938 158 2997 bile:
179 2937 234 2997 atsi
257 2937 334 2997 enim
355 2938 386 2996 in
407 2939 516 2997 bonum
536 2937 706 2998 delectabile
725 2937 879 2996 honestum
898 2936 1038 3016 impellat,

82 3037 179 3096 multo
199 3036 305 3114 saepius
321 3041 351 3096 et
368 3037 463 3097 acrius
480 3037 512 3096 in
532 3035 701 3098 delectabile
721 3037 906 3098 inhonestum
919 3040 1038 3099 excitat.

80 3137 189 3214 Neque
207 3136 334 3196 interum
354 3135 461 3214 opponi
479 3139 583 3214 potest,
605 3155 668 3196 eam
690 3156 749 3195 non
769 3157 869 3216 parcre
888 3141 1038 3216 peccatum

80 3236 143 3295 nisi
165 3235 255 3295 libero
276 3240 375 3295 nostro
399 3255 515 3295 assensu
538 3236 710 3296 accedente:
746 3237 879 3296 stimulat
902 3237 980 3296 enim
1004 3239 1040 3297 ad

80 3339 242 3413 peccatum,
267 3339 297 3395 et
318 3335 355 3394 ad
378 3335 410 3393 id
432 3335 644 3395 admittendum
665 3355 732 3395 cum
753 3335 844 3396 libero
869 3337 987 3396 arbitrio
1009 3358 1039 3396 se

81 3434 244 3512 conjungit
299 3434 420 3494 Summa
446 3454 514 3510 ergo
542 3435 720 3494 difficultatis
749 3434 781 3494 in
815 3455 847 3494 eo
881 3439 933 3508 est,
962 3437 1040 3514 quod

81 3533 234 3612 sapientie
256 3537 286 3593 at
307 3533 455 3593 sanctitati
478 3533 534 3594 Dei
554 3539 707 3611 repugnat,
723 3538 759 3593 ut
779 3537 940 3594 creaturam
960 3535 1037 3612 ejus-

79 3634 162 3692 modi
186 3633 358 3711 qualitatem
380 3633 412 3691 in
435 3637 541 3693 nutura
561 3653 613 3692 sue
632 3633 751 3692 insitam
768 3634 922 3693 habentem
940 3634 1035 3693 faciat.

81 3731 123 3794 2⁰.
153 3731 393 3811 Concupiscentia
414 3753 505 3811 poena
527 3737 571 3793 est
594 3733 714 3810 peccati,
745 3751 782 3792 ex
803 3732 932 3794 Trident.
956 3733 985 3794 S.
1008 3739 1034 3806 5,
