2410 4314
178 348 218 408 82
538 344 594 408 De
619 343 750 408 Gratiis.
966 342 1071 431 [mse.
1089 366 1135 410 ιιι.

175 509 295 568 auxiliis
309 511 381 569 bene
395 513 526 582 utantur,
544 519 573 570 et
594 514 635 574 sic
654 531 713 570 non
734 514 846 587 ponunt
860 510 974 570 obicem
990 512 1094 589 (infra,
1110 532 1137 570 ιι.

177 611 223 682 76,
241 610 316 687 doc),
333 609 440 685 gratias
455 609 594 687 elargitur
608 609 842 690 supernaturales
863 609 974 686 quibus
989 611 1137 669 ducuntur

175 709 211 767 ad
227 709 322 768 fidem.
362 709 403 768 4⁰.
424 711 464 768 Et
477 711 530 770 has
544 715 651 788 gratias
665 711 752 771 etiarn
768 711 817 768 dat
831 710 940 787 passim
955 709 1065 788 iisqni
1078 711 1139 769 istis

176 808 294 868 auxiliis
318 809 391 868 male
405 813 530 868 utuntur
551 816 580 870 et
600 811 723 890 pessime
744 815 892 869 merentur
917 810 1023 887 (infra,
1037 830 1069 868 n.
1093 813 1137 882 ts,

178 909 243 984 dac.)
294 909 333 967 Et
358 909 398 968 sic
422 910 569 969 naturales
593 911 748 970 facultates
763 910 800 967 ad
822 909 916 966 multa
940 910 1045 968 valent
1068 911 1141 970 bona

176 1013 205 1066 et
219 1009 337 1066 moralia
351 1014 380 1066 ot
395 1009 541 1082 salutaria,
557 1010 589 1068 in
603 1011 649 1068 his
664 1011 784 1068 elevatae
799 1009 830 1066 in
844 1009 906 1066 illis
920 1028 990 1068 non.

217 1111 265 1167 59.
293 1106 392 1183 Objcct.
416 1113 443 1165 3.
467 1109 534 1166 Non
548 1091 664 1167 videtur
679 1108 820 1185 quomodo
833 1107 869 1165 fit
890 1112 926 1165 ut
947 1107 1045 1183 gratia
1060 1111 1140 1166 tanta
1190 1139 1191 1174 r

176 1207 349 1266 excellentia
370 1207 518 1284 tantisque
542 1207 654 1266 viribus
678 1210 789 1266 nostras
811 1205 975 1278 facultates,
1001 1208 1027 1264 si
1055 1206 1089 1264 in
1112 1228 1140 1264 so

177 1305 237 1366 sint
251 1307 321 1366 adeo
335 1306 456 1366 infirmae
471 1311 500 1366 et
513 1307 633 1379 sterilae,
651 1311 764 1382 augeat.

217 1410 263 1464 60.
283 1407 368 1482 Reap.
394 1407 433 1466 10.
449 1406 487 1464 In
501 1406 580 1464 omni
594 1406 755 1482 quaestione
769 1405 804 1464 de
820 1405 907 1464 rebus
923 1403 1139 1481 spiritualibus
1190 1389 1191 1448 Ῑ

178 1523 243 1582 quae
257 1505 288 1562 in
301 1525 400 1564 sensus
414 1509 525 1564 nostros
540 1507 588 1565 vel
602 1505 770 1563 nullomodo
785 1510 945 1563 occurrunt
959 1505 1009 1562 vel
1022 1507 1140 1564 nonnisi
1190 1481 1191 1498 l

177 1627 227 1683 per
241 1606 369 1677 effectus,
386 1605 544 1682 praesertim
566 1605 591 1664 si
610 1605 845 1682 supernaturales
865 1605 933 1674 sint,
950 1605 1028 1664 inest
1042 1626 1138 1665 neces·

177 1706 250 1765 sario
272 1707 424 1766 obscurum
448 1705 575 1782 aliquod.
617 1707 684 1764 Non
705 1705 770 1764 ideo
794 1705 825 1762 in
850 1704 910 1762 ullo
934 1705 1014 1782 quod
1039 1706 1079 1764 de
1105 1707 1141 1764 iis

177 1810 275 1882 aperte
296 1804 443 1864 revelatur
463 1805 633 1863 haerendum
654 1809 705 1863 est.
747 1805 884 1863 Nostram
907 1805 1141 1879 propositionem

178 1924 238 1963 essa
253 1908 350 1980 aperte
364 1904 521 1963 revelatam
536 1908 650 1964 constat
664 1924 701 1962 ex
715 1901 894 1979 argumentis
909 1923 999 1979 supra
1012 1904 1122 1963 allatis.
1190 1915 1191 1972 t

218 2007 265 2062 61.
291 2003 334 2061 2⁰.
354 2003 482 2068 Quaestio
506 2007 549 2063 est
570 2003 619 2062 hio
643 2006 757 2062 tantum
779 2003 814 2061 de
832 2003 926 2078 gratia
948 2005 1080 2064 actuali:
1107 2005 1142 2062 de

176 2102 320 2161 habituali
341 2101 400 2160 vid.
422 2102 449 2160 d.
474 2109 500 2161 9.
543 2104 629 2161 Illius
651 2107 750 2162 autem
774 2103 951 2162 excellentia
973 2123 1013 2162 ex
1038 2124 1075 2162 eo
1099 2109 1143 2163 est
1190 2113 1191 2172 t

177 2202 254 2279 quod
275 2205 319 2260 est
336 2201 411 2260 actio
434 2201 527 2278 ipsius
545 2203 609 2276 Dei,
634 2207 663 2261 et
688 2223 760 2278 opus
782 2202 868 2279 quod,
884 2222 918 2260 ea
936 2203 1092 2263 excitante
1113 2210 1143 2263 et
1190 2193 1191 2240 Ῑ

177 2302 344 2380 adjuvante,
370 2301 492 2361 efficitur
519 2308 563 2361 est
589 2323 656 2360 vere
684 2322 756 2378 opus
783 2301 848 2372 Dei,
879 2320 952 2376 opus
980 2301 1140 2362 divinum:

179 2403 283 2462 “Deus
296 2407 341 2462 est
354 2403 431 2462 enim
446 2404 498 2480 qui
507 2409 643 2480 operatur
656 2403 687 2461 in
700 2403 782 2462 vobis
793 2406 823 2460 et
835 2403 910 2460 velle
919 2406 948 2460 et
965 2404 1141 2480 perficere:”

176 2504 236 2562 vid.
264 2524 292 2562 n.
322 2507 347 2575 1,
374 2506 423 2562 doc.
466 2503 504 2560 In
531 2503 592 2562 vita
616 2503 768 2580 cujusdam
791 2503 890 2560 Sancti
918 2503 963 2580 (S.
986 2503 1144 2564 Francisoi

178 2603 305 2675 Assissii,
321 2603 352 2660 ni
366 2603 444 2661 fallit
456 2602 607 2679 memoria)
627 2606 766 2662 narratur
779 2601 927 2676 Angelum
942 2601 970 2660 ei
988 2605 1143 2680 quondam

176 2703 208 2761 in
228 2703 294 2762 visu
317 2703 486 2761 universum
501 2702 642 2760 mundum
664 2702 694 2760 in
718 2721 846 2777 gemmas
864 2701 1093 2778 pretiosissimas
1112 2711 1145 2764 et

178 2802 423 2878 splendidissimas
450 2805 595 2860 mutatum
621 2803 788 2874 ostendisse,
819 2805 849 2860 et
875 2801 985 2861 dixisse
1001 2810 1078 2860 :-—“
1093 2805 1144 2862 En
1190 2821 1191 2866 t

178 2901 273 2977 qualis
286 2907 316 2959 et
335 2906 443 2977 quanta
456 2901 669 2976 magnificentia
684 2921 690 2960 :
716 2901 838 2960 minima
856 2904 955 2960 minen
969 2903 1069 2978 gratia
1084 2905 1144 2962 Dei
1190 2875 1191 2970 l

178 2999 310 3058 omnibus
324 2999 383 3057 illis
396 3000 510 3059 infinite
524 3000 677 3078 pretiosior
691 3003 764 3060 est.’'
1190 2973 1191 3020 l

219 3104 263 3156 aa.
293 3098 392 3175 opta.
418 3104 445 3158 4.
474 3101 592 3160 noram
614 3101 646 3160 in
667 3085 799 3162 textibus
818 3103 925 3174 arratis,
949 3121 980 3160 n.
1008 3108 1059 3177 aa,
1082 3107 1146 3176 aa,

179 3218 271 3257 sermo
295 3205 338 3258 est
362 3201 397 3257 de
418 3218 557 3260 concursu
575 3201 702 3276 generali
716 3202 781 3275 Dei,
798 3201 849 3279 qui
866 3203 903 3260 ad
921 3201 1021 3262 omina
1042 3224 1146 3281 opera,

181 3299 268 3359 ctiam
285 3299 437 3371 naturalia,
451 3303 628 3362 necessarius
648 3309 699 3376 est,
725 3308 754 3363 et
770 3323 828 3362 non
843 3305 878 3362 de
892 3304 1013 3380 speciali
1027 3308 1148 3366 auxilio

181 3399 291 3475 gratiae.

224 3502 271 3558 63.
294 3499 379 3574 Respa.
405 3499 494 3556 Plane
518 3499 590 3557 falsa
613 3505 641 3558 et
657 3501 767 3559 insulsa
789 3506 834 3560 est
851 3501 1058 3578 interpretatio
1079 3505 1148 3565 ista.

186 3599 227 3659 10.
257 3599 342 3667 Quod
365 3599 476 3658 dictum
501 3601 552 3670 est,
576 3617 604 3660 n.
630 3605 676 3674 35,
698 3601 733 3660 da
756 3600 849 3678 primo
871 3604 958 3660 textu
979 3604 1086 3680 allato,
1113 3607 1151 3665 do
