2424 4300
190 405 250 464 140
566 386 623 450 De
639 386 770 450 Grata
1005 385 1107 469 [urse.
1122 404 1149 444 v.

184 551 256 610 dum
269 552 301 610 in
313 555 429 629 peccato
442 555 520 621 erat;
541 571 596 610 nec
608 552 641 610 in
649 552 737 618 alind
749 557 867 628 tempus
886 551 1079 628 eripiendum
1091 549 1150 626 Isp-

184 673 248 710 sum
258 651 414 710 distulerit.

225 755 292 811 *tr
314 750 458 826 Exempla
471 751 692 827 perseverantiae
705 750 897 828 pnreactivae
910 750 993 808 iniis
1006 753 1089 820 sunt,
1104 749 1151 824 qui

184 851 236 910 diu
249 851 280 910 in
294 853 367 910 bono
381 850 458 908 firmi
472 852 663 926 perstiterunt
684 855 717 911 et
736 857 837 912 tamen
859 863 963 928 postea
985 850 1150 909 cecideruut

184 955 215 1010 et
228 950 356 1009 damnati
370 955 457 1008 sunt:
481 950 604 1008 dubium
621 955 667 1010 est
687 971 785 1009 annon
798 951 878 1010 inter
896 971 947 1009 eoa
959 948 1151 1009 recensendus

185 1057 228 1110 est
243 1049 387 1109 Salomon.
427 1049 562 1109 Fuerunt
576 1050 636 1127 qui,
648 1056 713 1127 post
724 1071 843 1126 magnos
856 1049 1010 1109 eruciatus
1022 1055 1150 1108 consue

187 1155 230 1208 ter
244 1149 388 1218 toleratos,
405 1149 464 1207 fere
477 1150 604 1207 animam
623 1150 763 1222 efflantes,
783 1169 888 1208 manus
900 1149 984 1208 hosti
1001 1149 1149 1207 dederunt.

185 1249 233 1307 Ad
256 1249 331 1308 hane
345 1249 597 1325 {perseverantiam
620 1250 699 1326 (quac
724 1249 814 1308 etiam
826 1255 950 1308 vocatur
963 1247 1145 1324 temporaria,

185 1345 362 1424 imperfecta,
382 1347 541 1406 secundum
566 1349 649 1425 quid)
674 1349 846 1425 simpliciter
863 1349 975 1406 dictam
988 1348 1147 1424 requiritur

184 1449 220 1506 ut
234 1445 273 1506 sit
285 1446 440 1506 diuturna:
457 1448 573 1506 brevem
590 1451 667 1506 enim
681 1467 798 1506 cursum
807 1448 840 1505 in
850 1449 927 1505 bono
937 1467 1026 1505 nemo
1036 1449 1146 1504 vocaret

185 1548 426 1625 perseverantiam
440 1547 566 1607 inbono.
608 1550 709 1606 Potest
730 1553 827 1606 tamen
847 1568 915 1607 cnm
934 1547 1039 1606 addito
1053 1545 1145 1623 appel·

184 1645 239 1706 lari
253 1648 467 1725 perseverantia
480 1667 509 1708 v.
524 1669 552 1723 g.
576 1667 627 1725 per
649 1649 735 1706 diem.
775 1648 905 1706 Vocatur
918 1651 1022 1706 autern
1037 1647 1144 1714 activa3

186 1749 255 1826 quia
274 1748 374 1826 justus
387 1747 420 1805 in
434 1767 467 1805 ea
480 1747 612 1806 habenda
632 1767 690 1804 non
705 1767 735 1804 se
749 1751 832 1806 tenet
853 1765 932 1804 mere
956 1745 1086 1822 passive,
1101 1744 1145 1802 sed

186 1847 274 1908 otiam
298 1847 401 1919 active,
425 1848 601 1923 cooperando
623 1847 797 1923 specialibus
818 1845 940 1904 auxiliis
952 1845 1145 1921 adjustitiam

186 1947 410 2008 conservandam
425 1946 508 2005 datis.

225 2047 292 2106 ⁴⁶52.
315 2045 445 2106 Perfecta
457 2045 672 2123 perseverantia
681 2064 714 2104 ea
727 2049 772 2105 et
779 2063 845 2122 quae
859 2043 987 2104 activam
1000 2063 1070 2102 cum
1085 2063 1143 2120 pas·

186 2143 248 2206 aiva
262 2145 431 2224 conjungit:
455 2159 485 2206 et
500 2165 557 2224 quo
571 2146 738 2206 diuturnior
752 2151 797 2206 est
809 2145 1014 2223 permanentia
1026 2146 1062 2204 in
1075 2147 1145 2205 bono

185 2250 249 2322 post
270 2245 406 2305 ultimam
428 2250 495 2306 ante
519 2250 640 2306 mortem
658 2247 908 2324 justificationem,
933 2265 967 2304 ec
990 2245 1145 2322 perfectior
1197 2285 1198 2320 3

186 2362 236 2422 por
249 2365 278 2406 ee
293 2349 337 2406 est
360 2347 581 2424 perseverantia.
624 2349 754 2424 Insuper,
780 2347 836 2406 etsi
858 2345 955 2405 brevis
977 2345 1031 2405 ille
1045 2365 1144 2405 cursus

185 2437 215 2498 in
230 2440 303 2500 bono
318 2459 375 2500 non
387 2445 482 2518 potest
495 2461 547 2520 per
567 2461 596 2501 ae
611 2442 708 2502 vocari
731 2441 946 2518 perseverantia
960 2441 1141 2516 simpliciter,

181 2537 286 2618 juncta
298 2544 394 2602 tamen
411 2561 477 2602 eum
497 2544 614 2619 passiva
633 2561 770 2616 magnam
789 2541 893 2603 exinde
907 2540 1022 2598 derivat
1035 2541 1142 2617 perfee-

185 2637 311 2700 tiouom:
344 2641 505 2718 prasertim
528 2641 665 2718 quoniam
692 2640 820 2700 maxima
843 2641 874 2698 in
897 2639 1022 2698 articulo
1044 2640 1142 2698 mortis

185 2738 317 2800 diabolus
339 2747 358 2776 ‘⁶
369 2740 570 2801 vehementius
584 2761 683 2801 omnes
703 2761 763 2801 suae
777 2740 913 2800 versutiae
927 2758 1033 2798 nervos
1047 2740 1141 2798 inten—

185 2837 235 2898 dat
257 2839 293 2898 od
316 2839 474 2914 perdendos
498 2860 549 2898 nos
579 2841 727 2916 penitus.”
782 2843 868 2900 Cone.
893 2839 972 2896 Trid.
999 2858 1070 2897 sess.
1098 2843 1139 2908 11,
1197 2893 1198 2912 ¹

185 2954 209 2996 e.
236 2941 264 3000 o.
318 2937 418 3014 Hujus
440 2940 660 3014 perseverantie
685 2941 850 3016 exemplum
873 2938 988 3013 insigne
1009 2938 1140 2997 habesin

184 3036 257 3096 bono
271 3035 381 3098 latrone
399 3060 407 3108 ς
429 3037 481 3114 qui
494 3038 609 3098 nonnisi
622 3041 810 3116 paucishoris
821 3045 888 3100 ante
898 3042 1020 3097 mortem
1037 3041 1068 3097 in
1082 3040 1140 3116 ipsa
1197 3027 1198 3032 ¹

184 3155 267 3196 eruce
287 3136 423 3214 pandens,
440 3136 581 3213 singulari
596 3143 626 3196 et
646 3140 707 3199 fere
728 3139 901 3198 miraculosa
920 3137 1015 3214 gratia
1037 3139 1137 3197 contri·
1197 3145 1198 3166 ¹

185 3234 272 3296 tionis
279 3233 457 3312 justificatus
466 3239 519 3295 est.
554 3235 620 3295 vid.
630 3238 754 3312 Saarna,
767 3231 1136 3316 chyatcriie,comn1out.

184 3333 213 3394 in
230 3339 315 3412 qao,
332 3354 357 3394 a.
374 3339 419 3407 11,
435 3354 464 3394 n.
479 3335 506 3394 7.

222 3436 291 3492 ⁴⁶53.
314 3434 398 3500 Quod
420 3434 486 3512 quis
506 3434 593 3510 longo
616 3438 747 3512 tempore
766 3435 966 3496 indeficienter
989 3435 1135 3511 usquead

183 3539 303 3594 mortem
324 3535 550 3612 perseveraverit
572 3538 733 3596 maximum
755 3542 800 3597 est
820 3537 991 3597 beneficium
1003 3557 1010 3607 ;
1033 3537 1134 3594 etsiin
1197 3569 1198 3594 1

180 3633 232 3694 illo
247 3635 372 3696 maximo
380 3635 490 3696 infiniti
498 3640 620 3714 possunt
634 3656 694 3697 esse
705 3639 811 3714 gradus
822 3635 930 3698 diversi
940 3635 1131 3712 perfectiouis.
