2408 4304
270 1163 557 1233 DISPUTATIO
583 1165 849 1240 UNDEOIMA.

210 1417 259 1468 Da
276 1417 578 1473 Paorarnrarlnns
593 1420 902 1483 JUSTIFIOATIONIS.

118 1602 274 1681 Expositis
300 1624 428 1665 errorum
460 1609 631 1667 novatorum
658 1610 688 1668 at
714 1606 851 1668 doctrinae
876 1609 1032 1674 catholiea

71 1703 151 1762 data
163 1705 214 1774 est,
229 1723 324 1781 supra,
338 1705 366 1764 d.
383 1710 410 1776 9,
425 1725 452 1764 n.
468 1711 516 1777 46,
532 1711 579 1778 53,
598 1709 648 1767 dcc.
688 1707 736 1764 Ex
751 1711 875 1784 quatuor
888 1691 1033 1786 capitibus

69 1802 169 1881 hujus
189 1803 326 1864 doctrinae
346 1805 389 1864 ibi
408 1805 556 1865 recensitis
574 1805 631 1865 tria
647 1805 807 1883 posteriora
824 1806 872 1867 hic
885 1810 1032 1885 probanda

74 1907 165 1964 sunt:
187 1904 399 1982 primumenim
408 1907 471 1984 jam
482 1906 551 1966 satis
564 1906 713 1968 firmatum
724 1910 776 1980 est,
794 1907 821 1966 d.
838 1912 882 1982 10,
894 1928 924 1970 n.
935 1914 962 1983 2,
978 1912 1029 1971 &a

140 2149 198 2230 §L
225 2151 367 2212 Probatur
386 2153 528 2213 Doctrina
551 2153 693 2214 Curictico
713 2155 745 2213 rte
765 2153 970 2216 Incertitcdiae

439 2253 663 2331 Jocteficatioreia

121 2434 147 2489 l.
169 2431 342 2492 Pnoros1r10
356 2432 383 2492 1.
403 2431 511 2492 Notius
528 2431 599 2492 eee're
616 2433 687 2491 celet
705 2431 871 2492 certitudine
876 2431 957 2510 fidei,
972 2431 1033 2490 aiei

22 2564 26 2569 -
76 2550 111 2589 erc
124 2529 287 2591 revelatione
300 2529 416 2608 speciali
434 2537 460 2592 et
481 2531 720 2605 extraordinaria,
742 2551 769 2590 se
784 2532 911 2610 aratiam
928 2531 1031 2591 eorrec-

75 2628 196 2690 cete'oree’s
208 2649 262 2690 ease
276 2635 450 2692 consecutum.

119 2794 146 2851 2.
168 2791 341 2869 Araomeata
363 2812 396 2852 ca
421 2791 453 2852 S.
481 2791 644 2869 Scriptura.
686 2792 899 2851 Anaunrrrnn
914 2791 938 2850 1.
968 2787 1031 2849 “Si

74 2888 237 2967 justificare
250 2911 296 2952 me
308 2891 436 2964 voluero,
452 2911 483 2950 os
497 2911 594 2952 meum
608 2890 812 2952 condemnabit
824 2909 884 2950 me:
908 2889 933 2950 si
946 2889 1030 2948 inno·

79 2993 191 3048 centem
205 2991 363 3065 ostendero,
385 3011 508 3069 pravum
518 3011 565 3052 ma
578 2990 783 3069 comprobabit.
825 2989 948 3050 Etiamsi
962 2987 1038 3048 simt

49 3141 53 3150 .
79 3089 148 3166 plax
162 3089 253 3164 fuero,
273 3091 328 3151 hoc
340 3091 436 3169 ipsum
449 3091 596 3168 ignorabit
610 3071 706 3150 anima
718 3111 792 3163 mea,
808 3094 838 3150 et
851 3089 971 3150 taedebit
983 3109 1031 3148 ma

81 3187 150 3248 vitae
171 3188 274 3248 meae.''
315 3189 379 3250 Job.
401 3189 444 3250 ix.
459 3191 507 3263 20,
531 3193 579 3251 21.
620 3191 658 3248 In
681 3189 736 3248 hoo
762 3188 856 3266 capita
879 3187 1032 3264 respondet

82 3288 139 3349 Job
159 3287 354 3350 criminationi
374 3289 495 3364 Baldad,
519 3288 595 3350 sicut
615 3288 699 3368 prius
717 3287 866 3366 respondit
884 3287 1028 3364 Elipbaa3

82 3387 134 3465 qni
160 3389 244 3449 ambo
270 3409 337 3450 eum
364 3390 463 3450 acerba
493 3389 684 3468 objurgabant
710 3391 741 3448 at
768 3386 1028 3457 calumniabantur,

82 3489 200 3550 dicendo
214 3489 391 3552 calamitates
402 3488 508 3567 quibus
517 3490 709 3549 afflictabatur
718 3487 901 3564 eiutpoenas
915 3505 1032 3546 suorum

82 3592 264 3666 peccatorum
284 3593 407 3652 statutas
427 3589 525 3650 fuissa
565 3589 585 3650 J
585 3591 630 3662 ob,
646 3589 716 3647 dum
726 3587 839 3666 judicia
852 3587 907 3646 Dei
920 3587 1030 3646 inscru-

82 3688 178 3750 tibilia
193 3690 302 3768 adorat,
317 3691 445 3769 persistit
466 3689 522 3751 sibi
542 3688 634 3751 vitam
651 3688 832 3748 innocentem
852 3691 882 3748 at
904 3691 1031 3747 mentem
