2410 4318
144 419 206 491 254
502 394 556 470 Dc
574 397 711 471 Gratrb.
957 403 1054 488 [nrsr.
1068 417 1119 463 rur.

143 573 325 634 dissentiendi
343 573 412 652 (iste
430 571 508 633 enim
521 591 622 631 sensns
636 573 877 632 calvinisticus
900 571 989 648 est);
1010 568 1058 627 sed
1069 585 1123 625 con·

144 676 275 754 ponendo
308 695 375 736 cnm
407 673 535 734 motione
562 673 620 733 Dei
652 679 684 734 et
710 676 847 734 actione
884 670 1029 732 bominis
1058 668 1129 744 ipsus

145 775 295 836 &cenom
304 773 448 835 aotoolem.
473 772 1131 852 Jmuautemnmeeomposifionmpme

144 873 296 936 dissentire
309 874 341 934 in
355 894 441 936 sensu
461 873 554 934 diviso
573 878 604 934 et
615 893 676 932 non
689 894 776 952 posse
791 875 836 934 in
853 893 965 933 sensu
979 867 1132 946 composito.

144 993 202 1036 non
223 982 268 1036 est
280 995 363 1054 posse
376 975 528 1036 dissentire
549 975 664 1034 sublata
686 979 837 1050 motione,
858 981 901 1036 et
915 994 988 1034 non
1012 989 1094 1048 pom
1111 988 1135 1026 es

143 1079 256 1148 sante
271 1077 320 1136 sed
334 1081 378 1137 est
386 1093 467 1153 posse
478 1076 625 1135 desentire
638 1077 693 1135 snb
706 1075 770 1152 ipsa
784 1075 958 1147 motione,
972 1092 1039 1131 non
1053 1086 1135 1130 mmen

138 1195 220 1254 posse
233 1197 388 1254 componere
400 1197 448 1238 ssa
461 1178 650 1255 actujrsnpere
662 1177 817 1236 diumsum
833 1197 917 1237 cussa
935 1173 1036 1235 illa-'¹

185 1281 233 1340 61.
256 1279 311 1339 Sed
328 1279 369 1352 1⁰,
384 1279 515 1355 ignoscat
531 1277 605 1336 mihi
625 1277 729 1336 doctus
748 1283 780 1337 et
792 1279 877 1356 pius
902 1280 1036 1346 auctor,
1060 1287 1134 1348 quem

143 1397 221 1440 nuno
244 1379 276 1440 in
298 1379 370 1440 coelc
393 1398 514 1456 regnare
538 1379 632 1451 credo,
647 1378 674 1437 si
696 1379 793 1438 dicam
816 1400 875 1440 me
903 1380 983 1438 haec
999 1373 1092 1434 verba
1111 1377 1134 1426 et

143 1475 231 1536 verba
242 1495 338 1554 supra,
353 1493 380 1534 n
396 1479 445 1548 45,
461 1475 549 1534 allata
562 1473 669 1551 soepius
682 1475 841 1551 diligenter
856 1475 1021 1554 perlecta
1035 1473 1068 1530 et
1076 1485 1130 1544 per·

142 1595 232 1654 pensa
245 1577 331 1654 plane
343 1574 507 1650 intelligere
520 1593 579 1633 non
591 1593 673 1652 posse
692 1574 751 1633 nisi
764 1576 796 1634 in
811 1595 915 1636 sensu
931 1566 1128 1652 perabsurdo,

143 1674 261 1749 seilicet,
277 1693 401 1754 possum,
418 1674 472 1733 sub
485 1673 671 1751 praemotione
684 1674 816 1752 physica,
831 1675 862 1735 ei
877 1671 1071 1738 dissentire,
1085 1663 1128 1723 red

143 1793 201 1834 non
214 1793 330 1854 possum
350 1793 455 1852 ponere
469 1777 566 1834 ectum
586 1773 742 1835 dissensus.
784 1775 865 1841 Quid
879 1795 968 1836 vero
987 1768 1075 1832 aliud
1087 1769 1125 1823 cot

137 1891 219 1952 possa
233 1873 379 1935 dissentire
392 1873 449 1932 nisi
458 1891 539 1950 posse
546 1892 650 1950 ponere
663 1883 752 1932 adum
765 1875 944 1936 driccam?

183 1977 231 2035 62.
252 1975 294 2035 2⁰.
315 1973 396 2035 Dicit
420 1972 637 2051 praemotionem
665 1974 817 2050 physicam
850 1995 913 2036 non
950 1966 1119 2052 praecedere

142 2079 239 2136 actum
259 2082 397 2154 tempore,
413 2077 463 2136 sed
482 2079 587 2135 natura
606 2079 721 2134 tanturn
742 2081 773 2135 et
792 2078 988 2138 causalitate.
1036 2072 1117 2132 Esto:

142 2175 201 2246 sed.
216 2175 293 2254 quod
306 2175 367 2254 ipso
381 2175 470 2235 verbo
484 2173 674 2252 significatur,
691 2193 759 2235 rore
774 2185 940 2253 praemovet
955 2183 991 2238 et
1005 2171 1111 2254 praede

142 2275 279 2336 terminat
293 2275 329 2335 ad
343 2279 451 2348 actum,
465 2274 508 2334 ita
527 2279 563 2334 ut
575 2275 637 2334 sine
651 2274 703 2333 illa
722 2279 915 2352 praemotionc
929 2298 998 2338 non
1021 2274 1109 2334 solnm
1181 2348 1182 2355 ἵ

142 2381 224 2436 octus
236 2374 300 2436 deri
320 2393 379 2436 non
402 2379 497 2452 potest
510 2379 540 2434 et
560 2394 614 2452 per
637 2374 721 2433 illam
744 2375 789 2450 fit,
805 2377 856 2436 sed
878 2377 924 2437 ita
945 2397 1006 2457 per
1030 2373 1106 2434 illam

141 2475 185 2549 fit,
210 2479 256 2550 ut,
281 2479 375 2536 stante
401 2474 462 2546 ille,
488 2478 632 2552 repugnat
655 2478 691 2533 ut
714 2493 772 2534 non
798 2475 858 2536 fiat
901 2478 1016 2544 Quaero
1043 2490 1106 2548 ergo

141 2581 239 2636 atrum
253 2575 304 2637 isti
317 2574 497 2655 promotioni
507 2575 716 2636 invincibiliter
725 2581 756 2635 et
768 2575 1014 2654 insuperabiliter
1023 2574 1102 2636 cedat

139 2675 284 2751 voluntas,
301 2697 338 2738 en
351 2673 433 2737 non?
473 2676 504 2737 Si
518 2677 650 2756 primum
669 2676 758 2749 dieas,
774 2675 855 2736 tollis
868 2677 1041 2740 libertatem
1050 2697 1060 2751 ς
1079 2670 1100 2731 si
1185 2745 1186 2763 χ

141 2775 308 2850 secundum,
324 2777 431 2838 deseris
443 2777 651 2838 Thomismum.

182 2877 230 2933 63.
252 2873 418 2953 Respondet
427 2876 670 2954 Brnnnaer(“ad
678 2875 859 2956 quartum”)‚
870 2877 981 2954 dicens,
997 2871 1096 2957 “qnod

141 2989 172 3026 ro
188 2971 389 3036 invincibiliter
402 2979 432 3036 et
446 2975 678 3053 insuperabiliter
697 2977 800 3036 cadant
813 2995 872 3036 non
892 2980 992 3039 solum
1013 2992 1094 3056 supra

139 3063 408 3134 determinationem
420 3075 548 3152 precise,
565 3075 615 3136 scd
629 3075 717 3135 etiam
731 3095 818 3153 supra
831 3077 895 3154 ejus
909 3080 1043 3152 modum;
1057 3079 1094 3136 ito

138 3167 173 3222 ut
186 3167 321 3233 voluntas
340 3173 550 3236 invincibiliter
569 3178 600 3235 et
612 3174 847 3252 insuperabiliter
866 3195 898 3236 se
922 3177 1091 3238 determinet

135 3253 258 3327 libere.’'
302 3273 358 3335 Sed
379 3275 456 3354 qnod
469 3273 608 3334 voluntas
630 3275 718 3334 simul
731 3275 821 3334 libere
841 3278 872 3334 et
884 3275 1090 3338 invincibiliter

137 3357 228 3432 “ique
241 3365 478 3449 insuperabiliter
491 3391 521 3433 se
536 3373 717 3445 determinet,
733 3394 792 3433 non
806 3374 903 3433 minus
915 3375 1088 3453 implicatio

136 3447 271 3550 terminis
284 3487 373 3546 quem
395 3474 420 3534 si
434 3491 550 3534 vocares
574 3491 666 3532 unum
688 3478 718 3532 et
731 3474 863 3534 eumdem
887 3480 985 3534 actum
1009 3475 1087 3537 simul

134 3535 264 3617 lrberum
278 3573 309 3625 et
321 3573 521 3634 necessarium.

176 3643 226 3706 ⁶4·
247 3656 298 3721 Ad
311 3673 483 3748 mysterium
497 3671 622 3753 denique
636 3673 768 3752 confugit
778 3672 828 3736 hic
840 3677 947 3736 auctor.
983 3681 1005 3712 “
1013 3678 1083 3759 Mys·

1149 195 1152 228 i
