2402 4292
47 383 272 469 ¹ms1›.v111.]
325 384 505 450 Concordia
524 381 650 448 Grotzio
664 378 897 447 eth'bcrtotsz.
969 385 1027 450 281

63 549 213 609 invenies
228 569 235 609 :
256 552 390 611 namhoc
411 550 473 628 ipso
494 551 573 628 quod
593 550 673 610 Deus
685 569 737 627 per
751 548 902 610 scientiam
915 546 1034 607 visionis

65 649 166 709 novit
178 670 225 709 me
239 670 300 710 cras
312 651 344 709 in
358 651 411 710 tali
424 651 507 709 domo
528 654 781 724 commoraturum,
803 648 886 708 novit
904 646 1033 724 preposi-

65 751 191 810 tionem
214 771 311 812 veram
333 771 403 812 esse.
456 754 533 812 Item
554 752 762 829 propositiones
783 750 978 830 hypotheticae
1000 749 1035 808 dc

69 851 175 910 libero
188 851 343 926 futuribili,
360 870 426 929 quie
447 851 614 928 significant
633 852 794 912 illationem
814 850 901 909 unius
915 869 953 908 ox
968 847 1033 920 alio,

68 969 131 1010 seu
145 970 184 1010 ex
197 953 383 1012 antecedente
398 953 452 1010 hoc
465 971 644 1029 consequeus
666 951 769 1010 inferri
793 950 855 1009 eive
878 946 1036 1007 necessario

69 1050 144 1109 sive
164 1051 352 1128 probabiliter
371 1055 495 1123 tantum,
517 1071 575 1110 non
587 1051 739 1128 'pertinent
755 1051 792 1109 ad
810 1049 958 1108 scientiam
977 1065 1036 1105 mo-

69 1150 174 1209 diam:
191 1152 261 1228 quia
271 1152 378 1211 veritas
389 1157 441 1211 aut
450 1152 561 1210 falsitas
571 1151 689 1209 illarum
698 1151 805 1226 pendet
815 1169 853 1208 ex
866 1147 1037 1207 necessitate

70 1251 129 1308 vel
142 1252 345 1327 probabilitate
360 1253 500 1311 illationis
519 1252 709 1328 significatae;
731 1270 763 1308 ac
777 1251 896 1326 proinde
911 1247 1037 1322 cognitio

70 1349 215 1409 veritatis
228 1355 279 1411 aut
292 1352 429 1412 falsitatis
442 1352 560 1410 illarum
580 1351 708 1428 pertinet
722 1333 760 1408 ad
773 1348 924 1407 scientiam
938 1365 1037 1406 neces-

73 1449 197 1523 sariam,
215 1469 273 1509 non
296 1451 332 1509 ad
354 1451 580 1526 contingentem,
597 1449 694 1528 qualis
708 1453 753 1508 est
766 1447 889 1507 scientia
908 1443 1037 1506 media.”

72 1549 229 1622 Aumonn,
245 1550 280 1610 de
293 1550 364 1624 Deo,
381 1570 405 1610 c.
422 1555 449 1623 5,
466 1570 492 1609 a.
509 1555 536 1622 5,
554 1549 569 1628 ξ
587 1554 612 1609 l.

123 1653 190 1710 107.
214 1651 367 1728 Objectum
381 1671 447 1728 ergo
462 1651 591 1711 scientiae
612 1649 753 1726 simplicis
772 1645 978 1723 intelligentia
994 1647 1038 1704 cst

74 1769 166 1808 omne
180 1751 324 1826 possibile,
340 1756 374 1811 ut
388 1753 438 1826 sic,
448 1756 484 1812 ut
498 1751 586 1810 solem
601 1750 691 1809 creari
704 1748 923 1824 triangularem,
936 1745 1039 1821 Tyrios

74 1853 111 1909 et
124 1850 144 1909 J
145 1851 242 1909 udaeos
256 1851 378 1929 (Matth.
393 1853 435 1910 xi.
453 1852 515 1929 21),
531 1871 583 1928 per
602 1850 717 1910 easdem
731 1849 772 1909 eis
786 1848 895 1925 gratias
908 1847 1036 1918 collatas,

75 1950 221 2010 converti.
264 1952 416 2028 Objectum
438 1951 565 2010 scientiae
585 1950 687 2009 medice
702 1949 788 2009 estid
803 1947 878 2026 quod
900 1965 958 2005 non
972 1948 1037 2004 tan-

75 2056 145 2110 tum
159 2051 294 2128 possibile
309 2056 361 2125 est,
378 2053 428 2112 sed
448 2053 542 2129 posita
562 2053 616 2110 hac
637 2052 685 2110 vel
706 2051 759 2109 illa
780 2047 954 2120 conditione,
971 2049 1038 2104 actu

77 2156 160 2212 esset
173 2157 208 2210 ut
228 2153 375 2212 conversio
397 2153 551 2230 Tyriorum
575 2159 605 2212 et
625 2152 833 2212 nonconversio
855 2149 1035 2221 Judoeorum,

75 2251 184 2309 iisdem
198 2249 257 2308 illis
270 2251 373 2327 gratiis
386 2251 508 2312 collatis.
549 2251 702 2328 Objectum
717 2250 844 2309 scientiae
858 2248 979 2310 visionis
994 2255 1039 2306 est

76 2368 166 2409 omne
180 2351 308 2409 existens
321 2353 353 2408 in
367 2369 549 2428 quocumque
570 2350 662 2426 spatio
683 2349 829 2426 temporis,
845 2352 881 2407 ut
891 2347 1038 2407 conversio

79 2450 114 2509 S.
139 2451 226 2544 Petri,
253 2451 460 2510 conconversio
484 2457 547 2510 tum
571 2451 727 2526 Tyriorum
757 2453 821 2508 tum
856 2449 875 2507 J
879 2447 1036 2506 udaeorum.

81 2549 227 2615 Quoniam
254 2551 449 2627 distinguitur
472 2550 594 2610 scicntia
618 2549 717 2607 divina
741 2549 898 2606 secundum
925 2547 1039 2623 objecta

80 2651 236 2723 distincta;
258 2658 288 2711 et
301 2654 438 2729 quoniam
452 2653 532 2711 aliud
553 2657 596 2710 est
615 2671 694 2709 mera
703 2649 880 2725 possibilitas
894 2648 1037 2707 conversi-

79 2752 145 2810 onis
155 2753 318 2829 Tyriorum,
335 2774 400 2830 quae
414 2755 473 2812 illis
487 2773 553 2811 cum
568 2751 588 2811 J
590 2751 681 2810 udaeis
694 2751 855 2808 communis
870 2753 942 2819 erat,
958 2746 1039 2805 aliud

81 2871 182 2910 eorum
206 2854 352 2912 conversio
375 2853 496 2912 actualis
521 2855 552 2910 in
576 2850 733 2929 hypothesi
757 2849 834 2926 quod
862 2848 1038 2925 recepissent

82 2952 192 3027 gratias
206 2971 279 3028 quas
291 2953 390 3012 Judaei
403 2956 594 3028 receperunt:
617 2951 734 3010 videtur
748 2969 815 3025 ergo
830 2947 1038 3008 admittendam

82 3072 145 3112 esse
169 3053 319 3112 scientiam
345 3055 469 3112 mediam
497 3057 532 3112 ut
559 3053 727 3112 distinctam
754 3052 791 3110 ab
815 3049 882 3109 aliis
902 3047 1039 3109 scientiis.

84 3153 229 3213 Videatur
241 3155 295 3215 hoc
305 3159 518 3231 argumentum,
533 3173 601 3214 cum
610 3153 683 3227 aliis,
697 3151 869 3230 ampliatum
880 3149 958 3228 apud
971 3167 1037 3208 auc·

85 3259 171 3315 teres.
220 3303 223 3309 .
564 3257 566 3262 ’

129 3362 195 3416 108.
217 3357 274 3416 Sed
297 3377 398 3416 revera
423 3356 545 3434 questio
571 3353 718 3433 pracipua
741 3372 799 3412 non
823 3355 868 3413 est
892 3350 1039 3411 audetur

86 3457 152 3517 talis
166 3458 321 3531 distinctio,
335 3479 423 3534 quam
434 3458 625 3534 quaestionem
636 3455 828 3515 dieitBnm
842 3453 880 3531 (c.
895 3457 940 3526 10,
952 3471 977 3511 a.
994 3453 1036 3529 3),

86 3564 116 3620 et
128 3559 259 3618 insinuat
271 3561 406 3619 Bucinna
428 3561 464 3638 (c.
483 3563 528 3630 10,
545 3578 573 3636 q.
590 3563 614 3630 1,
626 3577 656 3617 n.
672 3557 703 3635 5)
725 3575 785 3615 esse
804 3555 878 3614 levis
898 3551 1036 3613 moment‘

86 3664 115 3718 et
128 3660 163 3719 de
176 3660 311 3719 nomine:
335 3679 433 3719 omnes
455 3659 532 3718 euim
554 3658 639 3717 hodie
661 3659 763 3717 teuent
786 3655 882 3715 Deum
906 3657 983 3714 certo
1008 3655 1038 3713 et
1103 3729 1108 3740 Ι
