2408 4304
171 417 233 480 370
388 472 392 478 .
528 394 583 460 De
600 393 731 460 crasa.
993 393 1091 482 [orsr.
1106 415 1134 459 x.

170 563 241 624 ibid.
257 583 331 625 vers.
348 563 385 624 36
396 567 470 623 :-“
480 561 539 629 Qui
552 561 642 623 credit
654 560 687 619 in
700 561 818 619 Filium
834 561 931 622 habet
945 562 1043 620 vitam
1057 571 1134 621 aster·

165 685 246 738 nam,
264 665 322 741 ‘qui
344 667 440 722 autem
461 662 626 722 incredulus
648 665 693 720 est
712 655 794 719 Filio
819 683 884 722 non
906 663 1027 723 videbit
1041 664 1138 734 vitam,

170 765 219 824 sed
239 763 283 822 ira
297 764 354 822 Dei
367 765 465 824 manet
479 781 565 839 super
578 760 682 840 eum.'{
719 761 821 822 Simili
843 763 935 821 modo
960 763 1090 822 infirmis
1109 765 1138 822 in

170 864 237 936 fide,
270 883 393 941 quorum
421 863 493 922 fides
519 881 700 940 quocumque
728 864 816 922 modo
843 863 1051 940 periclitatur,
1073 871 1140 922 ante

171 963 268 1023 omnia
280 962 462 1040 praedioanda
475 965 519 1022 cst
530 961 684 1020 necessitas
703 962 784 1034 fidei,
806 963 974 1022 necessitas
992 963 1067 1022 fidei
1080 984 1138 1022 ser·

170 1064 273 1123 vandae
293 1067 323 1122 et
340 1062 495 1122 firmandae.
535 1063 583 1122 Ita
596 1063 626 1122 S.
642 1062 752 1120 Paulus
766 1063 803 1121 ad
818 1063 952 1135 Galatas,
971 1064 1139 1141 praesertim

170 1185 187 1224 a
200 1184 262 1241 cap.
278 1163 363 1222 tertio
377 1165 496 1222 ineunte

215 1269 263 1323 64.
291 1263 390 1340 Odject.
415 1267 441 1334 5,
462 1281 500 1320 ex
519 1261 652 1338 Epistola
674 1262 711 1319 ad
736 1263 891 1334 Romanos,
915 1263 950 1322 in
974 1283 1039 1340 qua
1062 1264 1138 1324 clare

174 1365 337 1422 declaratur
363 1363 450 1420 fidem
477 1381 537 1420 esse
562 1362 651 1420 solam
678 1361 899 1438 dispositionem
923 1364 963 1421 ad
986 1365 1136 1440 justifice-

172 1465 291 1538 tionem,
312 1467 342 1524 et
355 1464 385 1522 id
398 1463 509 1540 duplici
527 1463 625 1536 modo;
650 1463 690 1534 1⁰,
708 1465 854 1540 negative,
877 1466 971 1523 fidem
993 1467 1089 1524 solam
1103 1469 1137 1524 ut

172 1564 390 1642 dispositionem
416 1564 618 1635 memorando;
653 1563 696 1635 20,
725 1564 860 1639 positive,
891 1571 1007 1624 ceteras
1036 1585 1136 1625 omnes

173 1663 376 1742 dispositiones
403 1663 508 1721 diserte
532 1663 718 1722 excludendo.
761 1663 874 1722 Toxius
901 1665 993 1740 primi
1017 1667 1136 1741 generis

168 1767 230 1844 jam
246 1763 362 1824 enodati
377 1765 454 1822 sunt.
496 1763 608 1820 Toxius
628 1762 746 1821 alterius
769 1763 884 1838 generis
906 1765 941 1822 hi
966 1769 1041 1825 sunt
1061 1785 1135 1842 prae«

171 1864 259 1941 cipui.
302 1869 321 1898 “
332 1864 378 1921 llx
400 1862 533 1939 operibus
552 1861 626 1937 legis
645 1881 703 1919 non
720 1863 937 1938 justificabitur
950 1865 1051 1922 omnis
1068 1885 1135 1924 caro

172 1983 267 2024 coram
281 1963 333 2022 illo
346 1962 373 2021 :''
390 1962 432 2020 iii.
448 1966 496 2021 20.
540 1967 558 1995 “
569 1961 631 2020 Ubi
650 1965 693 2019 est
709 1981 776 2036 ergo
795 1962 933 2036 gloriatio
947 1961 1028 2022 tua?
1071 1964 1133 2022 Ex·

172 2064 253 2122 clusa
267 2067 317 2122 est
359 2063 416 2121 Per
429 2080 515 2138 quam
528 2059 646 2135 legem?
678 2061 857 2120 Factorum?
897 2063 992 2122 Non:
1014 2064 1071 2122 sed
1082 2083 1134 2141 per
1200 2079 1201 2090 ¹

170 2161 265 2236 legem
288 2161 366 2221 fidei.
406 2160 592 2220 Arbitramur
614 2159 690 2218 enim
714 2159 873 2236 justificari
895 2161 1053 2222 homiuem
1081 2183 1133 2240 per
1200 2197 1201 2204 κ

169 2264 257 2322 fidem
272 2263 335 2322 sine
355 2263 488 2340 operibus
500 2261 611 2336 legis:’'
625 2259 697 2322 ibid.
711 2281 787 2321 vers.
802 2263 850 2334 27,
868 2267 918 2322 28.
964 2269 984 2296 “
995 2263 1030 2322 Si
1040 2265 1130 2324 Abra·

170 2363 238 2422 ham
249 2382 286 2422 ex
299 2361 434 2438 operibus
442 2361 621 2436 justificatus
631 2364 674 2418 est
682 2359 769 2418 habet
777 2360 910 2436 gloriam,
921 2363 973 2420 sed
982 2382 1043 2420 non
1055 2363 1131 2440 apud

171 2464 277 2523 Deum.
303 2463 382 2528 Quid
391 2461 469 2521 enim
480 2460 552 2519 dicit
562 2459 724 2536 scriptura?
752 2461 1047 2520 CrediditAbraham
1057 2465 1129 2534 Deo,

172 2572 201 2625 et
212 2569 378 2642 reputatum
394 2566 438 2622 est
450 2562 496 2620 illi
509 2561 712 2638 adjustitiam.
753 2562 791 2618 Ei
808 2565 909 2621 autem
925 2563 979 2640 qui
994 2569 1131 2640 operatur

171 2685 280 2724 merces
299 2684 359 2723 non
378 2663 540 2740 imputatur
563 2662 721 2720 secundum
745 2661 869 2736 gratiam
892 2663 944 2721 sed
968 2665 1129 2732 secundum

172 2765 311 2824 debitum.
353 2764 391 2822 Ei
402 2782 468 2820 vero
480 2761 599 2838 quinon
610 2766 753 2837 operatur,
764 2761 894 2820 credenti
905 2765 1009 2821 autem
1019 2762 1053 2822 in
1063 2783 1128 2822 eum

172 2863 224 2940 qui
242 2863 385 2940 justificat
403 2861 536 2938 impium,
555 2865 707 2938 reputatur
726 2861 797 2918 fides
811 2859 875 2935 ejus
889 2860 927 2918 ad
943 2861 1127 2937 justitiam.'’

171 2965 212 3022 iv.
228 2967 296 3022 2-5.
331 2963 404 3020 Tota
417 2961 546 3038 objectio,
563 2981 650 3038 quam
664 2981 701 3019 ex
714 2959 760 3018 his
773 2958 845 3018 locis
858 2964 1002 3036 tanquam
1011 2962 1127 3020 omnino

173 3060 360 3124 decretoriam
383 3060 535 3119 unanimes
559 3064 709 3136 opponunt
730 3060 891 3118 Novatores
912 3063 944 3118 et
963 3065 1079 3121 veteres
1098 3067 1127 3119 et

173 3162 354 3232 recentiores,
377 3159 512 3236 sequenti
533 3163 704 3234 argumento
722 3157 907 3218 concluditur
918 3159 1029 3219 2—Per
1041 3179 1127 3238 opera

173 3268 206 3326 in
220 3267 351 3327 textibus
369 3264 434 3322 istis
454 3263 654 3338 significantur
673 3282 772 3321 omnes
792 3281 987 3339 quaecumque
1007 3264 1125 3341 disposi-

173 3368 276 3439 tiones,
292 3368 397 3443 practer
410 3363 500 3422 solam
513 3362 610 3420 fidem.
646 3363 702 3422 Sed
715 3361 784 3420 fidei
797 3363 903 3421 diserte
912 3362 1056 3422 tribuitur
1064 3365 1126 3440 jus-

174 3467 315 3538 tificati03
337 3468 368 3524 et
380 3482 466 3540 opera
478 3461 583 3520 diserte
597 3461 801 3534 excluduntur,
823 3465 858 3519 ut
877 3480 997 3536 prorsus
1017 3463 1127 3522 sterilia

175 3570 204 3625 et
218 3567 293 3624 nihil
307 3566 342 3623 ad
353 3549 591 3639 justificationem
608 3561 813 3637 assequendam
827 3559 965 3618 valentia.

216 3669 262 3724 65.
277 3667 361 3737 aaa.
373 3665 400 3722 I.
415 3661 572 3736 Distinguo
582 3663 735 3736 majorem:
747 3659 948 3734 significantur
959 3678 1057 3719 omues
1069 3660 1124 3720 dis-
