2424 4300
85 375 254 460 nrsr.1v.]
303 373 358 438 De
376 370 497 437 Gratrb
511 369 734 439 Medz'cr'nolz‘:
754 371 899 458 posedire.
987 388 1044 455 105
1108 346 1112 354 Ι

86 540 213 600 materia
226 541 318 618 gravi.
363 545 382 574 “
391 539 477 600 Unde
490 538 629 616 praedicta
643 538 791 599 distinctio
805 539 899 614 magis
912 559 948 600 ex
963 541 1046 600 modo
1119 589 1124 600 .

88 642 270 702 desumenda
283 643 346 702 est:
368 659 436 699 nam
450 639 502 698 illa
515 639 624 701 dieitur
638 639 857 714 tentationem,
874 659 938 719 quae
962 641 1047 702 offert

88 764 129 802 ex
144 746 226 820 parte
239 741 414 814 intellectus,
431 741 580 803 remissam
601 739 763 800 suasionem
778 761 810 800 ac
823 742 934 801 motiva
944 762 1047 820 parum

88 841 244 919 urgentia3
267 861 304 901 ex
317 844 400 918 parte
412 839 573 901 voluntatis
587 840 638 898 aut
652 841 807 917 appetitus,
823 841 950 902 debilem
962 843 1046 903 inoli-

87 942 250 1004 netionem.
291 941 395 1002 Gravis
410 943 506 1002 autem
520 941 644 1002 tentatio
659 941 775 1016 dieitur,
787 961 852 1020 quae
863 944 1048 1004 vehementer

89 1044 229 1120 solicitat,
260 1048 291 1104 et
315 1045 433 1121 propter
456 1042 605 1119 ingentem
628 1043 849 1120 propensionem
869 1045 990 1106 affectus
1011 1048 1047 1106 ad

88 1147 238 1224 objectum
252 1145 329 1223 quod
339 1143 525 1222 proponitur;
548 1147 704 1222 etpropter
714 1163 817 1221 magna
829 1146 938 1207 motiva
949 1147 1047 1230 [qua]

53 1321 55 1324 .
87 1246 203 1306 homini
224 1247 379 1306 occurrunt
400 1244 438 1304 ad'
454 1244 645 1304 deserendum
668 1247 779 1306 bonum
792 1245 921 1320 rationis,
938 1250 968 1308 et
987 1267 1047 1307 am·

90 1346 280 1426 plectendum
303 1347 414 1408 malum
435 1345 481 1404 illi
503 1345 690 1406 eontrarium.
733 1346 782 1406 Sic
802 1347 879 1407 enim
895 1352 1049 1426 utramque

90 1451 283 1512 tentationem
320 1449 490 1510 describunt
525 1448 718 1508 communiter
744 1449 905 1508 doctores.”
961 1451 1048 1511 Seru.

93 1571 125 1613 n.
142 1555 209 1610 258.

133 1651 201 1711 ⁴⁵12.
217 1650 382 1710 Secundum
394 1649 507 1708 Susura
518 1667 587 1708 vero
596 1649 630 1726 (1.
648 1651 673 1719 1,
686 1667 710 1707 c.
721 1653 769 1721 23,
785 1669 814 1707 n.
831 1650 873 1726 2),
885 1669 943 1708 non
957 1650 1050 1709 solum

89 1751 167 1811 levis
189 1755 232 1811 est
254 1749 379 1810 tentatio
401 1754 437 1808 nt
457 1750 520 1826 jam
540 1748 669 1821 definita,
686 1749 736 1808 sed
758 1749 876 1808 “etiam
900 1749 1048 1821 satieris,

92 1871 160 1930 quae
175 1851 211 1910 ad
223 1853 402 1910 momentum
416 1869 465 1908 seu
481 1849 650 1908 brevissimo
664 1852 793 1926 tempore
807 1850 900 1920 durat,
917 1851 1050 1928 quamvis

91 1951 205 2028 alioqui
232 1953 347 2010 intensa
375 1969 426 2008 seu
453 1950 610 2008 vehemens
636 1949 786 2021 videatur3
823 1950 920 2025 gravis
953 1954 1049 2012 autem

91 2050 203 2110 dicitur
217 2069 282 2128 quae
302 2049 492 2126 pertinaciter
506 2049 608 2108 suadet
623 2049 716 2108 multo
731 2053 867 2127 tempore,
884 2055 1049 2111 constanter

93 2171 127 2212 ac
149 2149 287 2210 moleste:
310 2149 474 2227 poteritque
497 2150 551 2208 hoe
571 2149 659 2208 titulo
681 2149 778 2225 gravis
799 2151 918 2223 censeri,
935 2151 1049 2210 etiamsi

93 2270 148 2330 pro
162 2249 286 2327 singulis
299 2248 478 2326 temporibus
491 2267 549 2308 non
563 2249 602 2308 sit
616 2249 771 2307 admodum
784 2250 949 2322 vehemens,
966 2251 1048 2309 dum·

92 2351 180 2412 modo
192 2353 244 2409 aut
258 2349 353 2409 suasio
371 2349 410 2408 eit
424 2368 474 2424 per
488 2367 518 2407 se
531 2368 645 2426 magna,
662 2351 713 2408 aut
727 2367 793 2407 cum
806 2348 938 2425 passione
952 2350 1051 2426 aliqua

93 2455 125 2512 et
139 2449 329 2510 inclinatione
342 2447 381 2508 sit
394 2447 579 2526 conjuncta''
630 2449 670 2508 Et
683 2447 790 2506 iterum
811 2447 893 2526 (ibid
908 2467 933 2508 e.
950 2453 997 2522 24,
1020 2469 1048 2509 n.

92 2550 149 2629 34)
170 2550 293 2609 affirmat
316 2552 336 2584 “
348 2567 463 2607 omnem
477 2546 668 2606 tentationem
688 2566 806 2623 gravem
826 2546 977 2607 includere
998 2549 1048 2606 ali·

94 2669 185 2729 quam
212 2647 350 2725 temporis
376 2667 485 2706 morem
512 2649 543 2706 et
568 2646 829 2724 perseverantiam:
859 2665 926 2705 nam
947 2647 972 2706 si
994 2669 1053 2708 uno

93 2755 214 2810 tantum
233 2751 378 2808 momento
392 2747 530 2823 temporis
543 2745 666 2806 tentatio
681 2747 775 2818 duret,
790 2765 849 2804 non
863 2747 1054 2808 aestimabitur

97 2848 274 2926 simpliciter
287 2847 393 2924 gravis,
410 2849 598 2924 quantumvis
611 2847 727 2905 intensa
739 2847 883 2920 videatur,
899 2847 1054 2908 dummodo

92 2951 277 3028 potestatem,
307 2951 337 3007 ct
370 2948 520 3024 physicam
554 2950 584 3006 et
617 2947 762 3020 moralem,
793 2946 991 3007 considerandi
1025 2953 1055 3008 et

93 3049 276 3110 deliberandi
291 3049 466 3125 relinquat.’'
501 3047 586 3106 Hanc
601 3047 759 3106 doctrinam
773 3046 948 3125 impugnant
963 3050 1052 3110 Seru.

94 3150 171 3210 ibid.
186 3169 216 3210 n.
231 3155 288 3208 259
304 3155 333 3209 st
347 3155 416 3210 299.

146 3255 191 3310 13.
221 3250 343 3328 Triplici
366 3251 450 3310 modo
477 3251 572 3327 potest
594 3249 700 3326 aliquis
723 3251 879 3311 tentationi
900 3255 1033 3314 resistere
1045 3278 1052 3330 ;

96 3352 142 3423 10,
160 3370 197 3410 ex
212 3351 324 3410 duabus
337 3350 557 3428 cupiditatibus,
569 3367 635 3426 quae
649 3350 697 3408 hic
711 3353 741 3409 et
754 3369 833 3410 nunc
847 3351 935 3411 simul
944 3355 1054 3430 expleri

93 3469 158 3510 non
175 3445 306 3527 possunt,
321 3471 350 3510 v.
360 3470 388 3526 g.
404 3449 533 3511 avaritiae
546 3452 577 3509 et
591 3450 831 3526 intemperantiae,
847 3452 1053 3514 vehementiori

93 3551 297 3613 cedendo-in
316 3570 375 3629 quo
388 3551 470 3610 nulla
483 3553 528 3610 est
547 3551 650 3622 virtus,
664 3550 763 3610 nullus
776 3551 856 3611 locus
873 3553 988 3628 gratiae3
1010 3557 1050 3630 2⁰,

93 3652 257 3714 resistendo
277 3672 316 3713 ex
335 3652 445 3714 motivo
466 3651 681 3730 supernaturali
703 3655 733 3713 et
754 3653 934 3730 salutantem
967 3658 1051 3716 etad

554 3750 598 3810 διε
