2402 4292
46 467 153 515 mer.
170 445 232 535 rm]
274 447 330 514 De
343 447 482 514 Natura
498 451 530 514 ct
552 447 597 514 Vi
611 447 706 515 Grat
723 447 840 515 Hatz't.
893 493 895 500 ι
955 468 1016 540 305

48 616 242 694 particulam
263 615 483 690 intelligendam
503 615 567 674 dieo
593 621 799 676 “communem
821 617 1019 694 theologorum

52 717 243 776 sententiam
264 716 338 774 circa
354 715 508 774 essentiam
526 716 630 792 gratiae
654 736 723 787 esse,
745 717 824 793 quod
843 717 882 776 sit
895 718 1020 794 qualitas

50 817 192 894 physica
210 815 436 892 supernaturalis
456 815 597 886 absoluta,
620 820 650 877 et
668 835 726 875 non
740 816 867 888 moralis,
887 821 917 876 et
930 816 1019 894 parti-

53 916 177 992 cipatio
192 915 307 975 Divinae
327 919 450 988 naturas,
472 934 530 974 non
552 915 670 993 quidem
689 915 722 974 in
740 936 792 975 suo
810 935 871 975 esse
890 917 971 989 reali,
986 921 1021 977 ut

53 1019 109 1076 est
125 1014 198 1074 unio
216 1014 405 1092 hypostatica,
427 1015 477 1075 sed
490 1018 606 1074 tantum
624 1015 866 1090 similitudinarie,
890 1035 922 1075 eo
935 1026 1020 1094 pacto

55 1134 126 1192 quo
151 1115 229 1174 calor
242 1134 270 1173 v.
285 1135 313 1190 g.
334 1114 441 1174 dicitur
459 1113 632 1191 participare
652 1118 786 1173 naturam
806 1115 903 1190 ignis3
924 1115 1021 1176 itaut

54 1215 92 1273 cc'
108 1214 287 1290 taliasormc
301 1214 395 1273 aalma
405 1213 555 1272 extollatur
564 1213 777 1292 adflltctt'cncm
785 1214 843 1273 Dal
852 1215 1019 1290 adoptivam,

56 1316 101 1374 ad
125 1315 294 1386 amicitiam,
316 1315 350 1373 ad
365 1315 577 1374 haereditatem.
619 1314 692 1372 (lum
706 1313 783 1372 euim
798 1313 877 1372 Deus
890 1333 943 1391 per
956 1334 1021 1389 gra-

56 1414 142 1474 tiam
170 1413 304 1492 disponat
330 1417 501 1486 creaturam,
536 1413 640 1490 illique
664 1413 715 1487 jus
742 1413 873 1473 conferat
900 1415 937 1472 ad
966 1414 1021 1473 Dei

60 1513 213 1572 visionem
230 1516 260 1572 et
272 1513 309 1572 ad
323 1513 533 1574 beatitudinem
552 1511 813 1589 supernaturalem,
835 1531 867 1571 eo
881 1512 943 1588 ipso
955 1513 1022 1573 vult

60 1613 113 1672 illi
128 1613 274 1691 impertiri
294 1613 494 1672 hereditatem
515 1631 605 1683 suam,
628 1631 680 1670 seu
700 1611 751 1689 jus
771 1612 808 1670 ad
827 1613 902 1672 bona
916 1613 1020 1683 omnia,

60 1733 134 1791 quae
149 1719 244 1792 potest
257 1715 302 1772 illi
315 1714 535 1783 communicare,
550 1713 657 1790 quibus
671 1713 774 1772 evadat
787 1712 868 1786 felix,
885 1713 1023 1774 intuitire

60 1814 196 1874 videndo
220 1814 314 1874 Deum
342 1817 372 1873 ct
395 1813 517 1872 fruendo
545 1813 610 1890 ejus
637 1831 749 1870 summa
775 1811 922 1873 bonitate:
946 1814 1023 1891 quod

63 1913 213 1992 expressit
223 1913 380 1991 Apostolus
391 1913 426 1972 ad
436 1913 530 1973 Galat.
542 1913 583 1973 iv.
594 1914 651 1974 4-7
662 1919 722 1973 :—‘
731 1911 815 1972 Misit
825 1913 904 1972 Deus
913 1913 1023 1972 Filium

64 2033 166 2087 suum,
181 2014 293 2073 factum
305 2031 342 2072 cx
354 2013 484 2085 muliere,
504 2012 615 2072 factum
629 2013 683 2071 sub
696 2012 770 2087 legs,
793 2015 828 2073 ut
841 2031 889 2072 eos
902 2013 954 2091 qui
968 2014 1021 2073 sub

64 2113 135 2190 lege
150 2117 233 2172 crant
245 2113 409 2185 redimeret,
430 2116 465 2172 ut
479 2112 664 2190 adoptionem
677 2111 806 2171 filiorum
819 2113 1020 2190 reciperemus.

67 2213 216 2283 Quoniam
237 2216 334 2272 autem
352 2213 421 2272 estis
443 2212 500 2272 filii
521 2211 585 2284 Dei,
606 2211 687 2270 misit
701 2213 780 2271 Deus
794 2211 938 2289 Spiritum
951 2211 1023 2270 Filii

67 2313 116 2371 sui
136 2313 171 2371 in
191 2313 389 2372 cordavestra
409 2312 580 2371 clamantem
594 2311 687 2380 Abba,
703 2311 799 2371 Pater.
841 2313 944 2388 Itaque
959 2311 1023 2390 jam

66 2429 129 2470 non
151 2415 195 2469 est
218 2431 328 2484 servus,
355 2412 405 2470 sed
427 2411 530 2470 filius:
553 2411 630 2487 quod
654 2410 679 2468 si
699 2410 789 2480 filius,
812 2413 843 2470 et
861 2410 954 2469 haeres
971 2429 1024 2487 per

69 2510 186 2569 Deum.'
229 2511 305 2577 Quia
328 2515 426 2570 tamen
447 2511 526 2568 filius
549 2509 705 2584 adoptivus
732 2513 776 2567 est
800 2509 906 2584 dignus
927 2528 1023 2568 amore

68 2610 171 2684 patris,
187 2610 256 2669 hine
274 2611 354 2670 filius
374 2611 429 2669 Dei
444 2609 599 2686 adoptivus
611 2627 671 2666 non
684 2607 778 2667 solum
792 2613 836 2668 cet
850 2609 940 2668 haeres
953 2608 1023 2666 vita

71 2718 198 2782 aeternae,
214 2713 264 2770 sed
278 2713 366 2771 etiam
380 2713 436 2770 Dei
450 2712 568 2770 amicus.¹

112 2818 160 2872 21.
185 2815 260 2872 “Ut
274 2818 370 2872 autern
385 2818 521 2890 appareat
535 2813 607 2890 quid
620 2811 736 2872 intersit
749 2811 826 2870 inter
840 2809 1024 2887 adoptionem

72 2911 230 2968 humanam
258 2915 288 2970 ot
316 2911 452 2980 divinam,
483 2899 631 2968 sciendum
659 2909 841 2984 adoptionem
869 2907 984 2967 definiri
1008 2928 1025 2966 a

74 3010 216 3086 theologis
236 3014 267 3069 et
283 3009 500 3084 jurisconsultis
521 3009 613 3086 (apud
632 3011 669 3068 D.
684 3009 834 3080 Thomam,
856 3011 959 3085 quaest.
976 3013 1024 3079 23,

76 3114 131 3171 art.
150 3112 179 3187 1)
207 3111 285 3187 quod
313 3110 351 3168 sit
380 3111 529 3168 ‘Persona’
557 3114 702 3168 extrancae
726 3109 758 3167 in
779 3108 874 3167 filium
897 3108 1027 3184 legitima

74 3209 251 3285 assumpti0.’
275 3252 282 3266 .
307 3253 314 3266 .
336 3251 344 3268 .
368 3253 374 3266 .
395 3209 481 3267 Unde
495 3210 551 3267 duo
566 3209 601 3267 ad
616 3208 798 3285 adoptionem
816 3207 1024 3284 requiruntur:

74 3305 208 3380 primum,
230 3305 308 3382 quod
327 3305 417 3377 libere
437 3306 543 3382 aliquis
563 3310 726 3364 assumatur
740 3306 771 3363 in
785 3305 887 3376 filiurn,
910 3310 940 3362 et
954 3323 1021 3363 con·

76 3405 184 3464 feratur
197 3404 242 3462 illi
256 3405 329 3464 citra
348 3405 436 3463 aliam
457 3405 662 3480 obligationem
678 3405 729 3482 jus
749 3405 785 3463 ad
800 3403 1019 3464 hereditatem:

77 3503 197 3563 alterum
211 3509 257 3565 cst
270 3507 346 3582 quod
359 3505 385 3565 is
405 3505 444 3564 sit
457 3525 578 3582 persona
598 3510 744 3578 extranea,
769 3525 827 3563 non
844 3504 923 3564 filius
936 3509 1022 3563 natu·

79 3605 145 3664 ralis
147 3649 274 3666 .....
300 3609 337 3666 In
356 3609 411 3667 hac
432 3607 600 3668 definitione
620 3606 757 3666 convenit
777 3605 892 3682 adoptio
913 3605 1021 3678 divina,

80 3723 140 3794 quse
153 3707 187 3764 fit
201 3725 252 3794 per
271 3706 401 3788 gratiam,
425 3725 492 3775 cum
508 3707 642 3773 humana.
687 3706 861 3792 Discrepant
879 3708 977 3770 tamen
990 3705 1023 3771 in
