2410 4314
183 398 225 460 34
557 378 612 444 Da
630 376 759 444 Gratia.
983 379 1087 462 [nrsr.
1103 401 1139 442 11.

181 545 270 604 fincm
283 563 356 622 pure
369 543 539 617 naturalem,
555 544 598 604 ita
616 548 651 604 ut
663 544 746 604 nullo
757 543 852 617 titulo,
869 542 930 602 sire
947 544 1141 621 providentiae

183 664 242 706 suae
255 644 317 704 sive
331 644 487 722 exigentia
498 649 644 718 creaturae,
659 645 803 706 sidonam
818 645 1025 722 quodcumque
1039 665 1140 722 snper-

133 757 139 763 ’
183 745 316 806 naturale
329 745 477 822 impertire
495 749 638 807 teneatur.
681 746 760 805 Huic
783 745 946 824 quaestioni,
969 746 1031 820 sed,
1054 751 1092 806 ut
1105 767 1140 806 ex

184 843 269 904 dictis
292 847 323 904 et
340 844 469 905 dicendis
487 849 606 919 constat,
626 845 710 905 modo
734 845 804 905 satis
823 845 981 922 implicato,
1002 845 1141 922 negative

182 946 356 1022 respondent
369 951 470 1006 auctor
483 951 581 1008 noster
594 949 624 1006 et
638 945 689 1024 qui
703 965 770 1005 cum
783 966 815 1006 co
830 951 909 1006 sunt.

222 1047 295 1105 ⁴¹⁵5.
322 1045 422 1124 Oticct.
445 1053 472 1106 5.
494 1047 572 1108 Ibid.
593 1046 608 1127 ς
629 1053 655 1121 5,
678 1067 708 1108 n.
729 1052 757 1120 2,
778 1048 863 1124 plura
880 1047 977 1124 capita
997 1047 1139 1108 doctrina

183 1150 311 1206 recenset
332 1147 408 1206 idem
431 1151 538 1220 auctor,
565 1147 596 1205 in
620 1147 727 1224 quibus
747 1167 765 1206 a
788 1148 859 1207 Baio
879 1167 996 1224 prorsus
1017 1148 1137 1208 recedit.

184 1245 262 1320 Ergo
276 1264 395 1306 censura
408 1246 497 1323 hujus
510 1245 597 1306 illum
612 1265 670 1305 non
684 1247 762 1306 ferit.

224 1345 241 1379 ¹
252 1349 298 1402 56.
313 1344 399 1420 Rcap.
422 1345 462 1404 1⁰.
485 1345 638 1406 Doctrinae
651 1345 722 1405 Baio
734 1345 860 1418 ascribit,
873 1365 952 1422 quas,
965 1346 1064 1422 quoad
1078 1366 1139 1406 rem

184 1447 351 1515 etecusam,
368 1444 457 1503 Baius
477 1463 658 1522 nequaquam
682 1445 788 1518 tenuit,
803 1465 831 1504 v.
847 1466 875 1522 g.
900 1451 918 1480 ‘⁴
930 1447 1038 1506 merita
1049 1446 1139 1522 primi

183 1544 309 1604 hominis
322 1564 359 1605 ex
368 1545 458 1605 solius
468 1551 580 1607 naturae
591 1547 702 1607 viribus
712 1550 875 1624 comparata
884 1545 901 1573 ”
916 1545 1016 1606 fuisse.
1059 1547 1137 1606 Tan-

184 1649 247 1704 tum
262 1645 339 1704 cuim
354 1647 434 1706 abest
455 1652 490 1706 ut
513 1646 569 1706 istc
591 1646 715 1723 gratiam
729 1651 759 1706 et
772 1646 956 1724 adoptionem
975 1645 1008 1704 in
1021 1647 1138 1705 Adamo

184 1749 309 1820 negaret,
335 1750 369 1804 ut
393 1745 424 1804 in
451 1765 575 1805 errorem
599 1750 761 1806 extremum
788 1746 954 1824 oppositum
981 1745 1135 1817 incideret,

183 1844 377 1925 dicendosshaec
392 1846 466 1907 dona
475 1845 502 1904 ei
514 1845 610 1905 debita
623 1845 712 1906 fuisse
726 1851 756 1907 et
768 1847 913 1906 naturalia
926 1846 970 1916 (n.
982 1846 1046 1923 41).
1091 1847 1135 1905 2⁰.

183 1949 381 2026 Quaecumque
403 1950 462 2009 sint
490 1950 700 2028 discrepantias,
724 1952 756 2010 in
778 1952 841 2024 hoc,
866 1951 944 2029 quod
965 1955 1055 2028 caput
1080 1957 1134 2021 cst,

180 2049 271 2108 ambae
285 2049 437 2110 sententiae
458 2051 643 2125 conveniunt,
666 2070 779 2129 nempe,
801 2055 910 2111 statum
922 2053 1038 2111 naturae
1051 2069 1135 2128 purae
1186 2035 1187 2110 l

180 2149 467 2226 cssaimpcssibilem.

222 2248 269 2309 57.
291 2251 505 2308 Aaounrrrcar
526 2251 570 2308 II.
593 2269 631 2309 ex
655 2250 684 2310 S.
711 2251 883 2309 Auccsrrro
905 2253 934 2309 et
954 2249 984 2309 S.
1010 2250 1133 2323 Taorrr,

182 2368 254 2426 quos
268 2350 394 2408 maxime
418 2351 454 2408 ad
476 2369 542 2410 suas
564 2355 659 2426 partes
679 2351 823 2410 attrahere
837 2348 932 2408 eonati
946 2353 1017 2408 sunt
1030 2351 1135 2408 adver·
1186 2341 1187 2384 l

180 2449 258 2509 sarii.
309 2451 429 2509 “Homo
451 2451 488 2509 ad
508 2449 566 2510 Dei
589 2449 809 2509 similitudinem
832 2450 926 2508 factus
948 2453 1009 2521 cst;
1034 2455 1135 2508 tamen

181 2550 252 2627 quia
265 2569 323 2608 non
336 2554 380 2610 est
394 2549 483 2610 unius
503 2549 692 2627 ejusdemque
712 2549 891 2621 substantia,
914 2567 972 2607 non
986 2553 1031 2609 est
1045 2569 1135 2610 verus

180 2651 275 2722 filius,
298 2655 328 2709 et
348 2649 412 2708 ideo
435 2649 470 2708 fit
491 2649 584 2725 gratia
605 2649 692 2721 filius,
718 2647 788 2725 quia
808 2668 867 2707 non
887 2651 932 2708 est
946 2647 1083 2708 natura.’'
1102 2651 1132 2708 S.
1186 2627 1187 2674 l

180 2750 256 2808 Aua.
280 2755 379 2808 contra
401 2748 575 2821 Maximum,
600 2749 620 2808 1.
642 2752 670 2819 2,
687 2768 711 2808 c.
729 2753 775 2821 15,
790 2769 819 2808 n.
835 2751 864 2808 2.
908 2747 1133 2808 “Manifestum

179 2853 224 2909 cst
238 2849 315 2926 quod
328 2849 380 2906 illa
394 2847 534 2925 subjectio
549 2847 673 2924 corporis
694 2849 730 2906 ad
751 2850 885 2920 animam,
908 2853 938 2906 et
957 2848 1132 2908 inferiorum

180 2949 287 3006 uirium
312 2948 349 3006 ad
370 2947 521 3020 rationem,
552 2967 610 3005 non
632 2951 695 3007 crat
717 2948 876 3006 naturalis:
910 2947 1041 3023 alioquin
1065 2953 1133 3025 post

181 3051 332 3124 peccatum
346 3045 507 3119 mansisset,
524 3065 589 3105 cum
604 3047 691 3105 ctiam
712 3046 744 3104 in
758 3045 936 3111 daemonssrus
949 3047 1017 3105 data
1030 3053 1135 3106 natur-

182 3146 239 3206 alia
262 3152 327 3222 post
350 3149 499 3222 paccatum
522 3145 763 3222 permanserint.’'
787 3146 816 3205 S.
834 3148 890 3204 Tra.
909 3149 934 3218 1,
947 3165 976 3222 q.
992 3151 1040 3217 95,
1058 3167 1085 3206 a.
1108 3151 1133 3218 l,

181 3247 211 3304 in
225 3266 302 3322 corp.

222 3349 270 3404 58.
292 3345 505 3402 Anacnnnrcsr
526 3344 587 3404 111.
610 3363 647 3403 cx
662 3343 773 3403 ratione
787 3344 956 3420 theologica.
1000 3345 1036 3403 ld
1049 3366 1135 3404 omne

182 3443 318 3520 possibile
340 3443 474 3520 estquod
498 3463 556 3502 non
577 3449 729 3520 repugnat.
781 3443 881 3502 Status
903 3447 1000 3502 autem
1021 3449 1135 3505 naturae

182 3562 263 3620 pura
277 3563 334 3602 non
359 3547 510 3620 repugnat,
537 3547 570 3604 ut
584 3564 622 3604 ex
636 3541 831 3602 solutionibus
856 3542 1053 3620 objectionum
1068 3563 1134 3630 con-

184 3642 282 3702 stabit.
