2410 4314
180 439 222 514 84
275 381 285 396 ·
541 431 596 497 De
613 430 744 498 Gratia.
963 429 1064 516 [mse.
1079 449 1120 494 ιιι.

223 607 270 662 66,
292 602 373 660 Idem
387 600 541 660 dicendum
554 603 599 659 est
612 600 648 658 de
661 598 800 668 textibus,
812 603 828 656 2
844 598 908 658 Cor.
920 597 963 657 iii.
980 601 1012 658 et
1024 595 1124 672 Philip.

181 702 212 760 ii.
236 701 278 779 (n.
300 707 348 774 40,
364 702 426 775 41).
467 703 505 760 ln
526 699 616 760 altero
638 699 716 759 enim
738 698 855 772 dieitur,
871 699 967 758 forma
987 697 1124 775 negativa,

182 821 234 859 nos
253 821 312 859 non
331 820 413 877 posse
434 800 542 878 aliquid
562 800 679 878 (nempe
699 797 837 876 salutare)
853 797 916 857 sina
929 799 1027 874 gratia
1047 796 1125 857 etiam

184 901 323 978 cupitam:
349 905 379 959 et
405 899 520 972 dicitur,
549 899 640 957 formu
667 898 846 967 affirmativo,
876 917 981 956 omnious
1008 900 1128 956 nostram

184 1001 396 1074 sufficientiam,
413 1001 500 1061 etiam
515 1001 553 1060 ad
567 1001 681 1078 aliquid
695 999 890 1076 cogitandum,
906 1020 945 1059 ex
959 999 1057 1076 gratia
1070 1018 1130 1060 esse.

186 1100 225 1157 In
238 1099 328 1157 altero
341 1117 409 1158 vero
423 1097 582 1157 affirmatur
602 1097 697 1156 Deum
711 1115 772 1156 essa
786 1096 838 1173 qui
852 1099 991 1173 operatur
1003 1095 1038 1155 in
1057 1095 1133 1155 nobis

184 1217 242 1256 non
265 1200 380 1255 tantum
400 1195 496 1274 ipsum
519 1215 593 1272 opus
614 1195 664 1255 sod
687 1194 780 1272 ipsam
802 1194 970 1254 voluntatem
992 1193 1133 1274 operandi·

187 1298 258 1364 uuae
279 1295 375 1354 omnia
389 1303 422 1356 ut
435 1315 503 1355 vera
516 1295 584 1369 sint,
598 1315 668 1356 vara
681 1316 740 1356 esse
754 1295 839 1355 debet
852 1298 952 1355 nostra
971 1292 1135 1373 propositio.

227 1396 275 1455 67.
306 1395 390 1454 Idam
402 1395 540 1474 probatur
552 1414 590 1455 ex
604 1395 669 1455 aliis
682 1394 821 1467 textibus,
844 1413 969 1472 quorum
992 1412 1090 1454 unum
1110 1395 1134 1452 et

188 1496 313 1555 alterum
335 1495 522 1574 proferemus.
577 1495 790 1554 Anouusnnuu
814 1495 859 1554 ΙΙ.
884 1493 982 1554 “Non
1004 1492 1135 1563 volentis.

188 1616 284 1674 neque
307 1595 458 1668 currentis,
485 1594 535 1654 sed
558 1592 722 1655 miserentis
745 1599 790 1654 est
814 1592 899 1656 Dei.”
933 1593 1018 1653 Rom
1034 1593 1078 1654 ix.
1095 1597 1134 1652 16.

189 1702 334 1780 Loquitur
346 1700 393 1760 hio
407 1701 437 1761 S.
453 1699 562 1760 Paulus
575 1699 611 1760 de
623 1698 773 1759 vocatione
787 1699 824 1758 ad
837 1698 925 1758 fidem
938 1702 968 1760 et
982 1697 1094 1759 exindo
1106 1697 1137 1756 sd

187 1800 434 1878 justificationem,
456 1801 486 1858 et
506 1817 619 1858 omnem
640 1797 857 1876 dispositionem
870 1801 999 1858 nostram
1021 1799 1062 1858 ad
1081 1817 1137 1858 eam

190 1899 369 1960 vocationem
397 1898 603 1976 assequendam
630 1898 746 1957 omnino
773 1901 803 1959 et
836 1896 969 1957 absolute
996 1896 1137 1958 excludit.

190 1999 274 2066 Quod
284 2018 348 2058 eam
361 1997 535 2076 accipiemus
545 2018 582 2059 ex
592 2000 690 2057 nostra
699 1997 851 2058 uoluntate
864 2015 922 2055 non
931 1997 976 2056 est
984 1999 1039 2057 aut
1047 2016 1139 2076 opera·

190 2099 277 2172 tione,
303 2097 349 2157 sed
372 2116 410 2156 ex
431 2117 504 2175 pura
531 2096 726 2158 misericordia
746 2101 776 2157 et
795 2095 890 2175 gratia
909 2094 975 2156 Dei.
1018 2097 1140 2158 Initium

191 2218 258 2276 ergo
276 2197 369 2275 operis
383 2197 517 2258 salutaris
532 2217 569 2258 ex
583 2196 667 2258 nobis
680 2217 742 2258 esse
755 2217 813 2257 non
827 2199 932 2276 potest.

233 2303 280 2358 68.
303 2300 516 2357 Anonusunnu
536 2299 599 2358 III.
624 2303 642 2328 ‘¹
658 2297 732 2357 Cum
746 2316 873 2358 essemus
885 2295 993 2356 mortui
1006 2297 1141 2374 peooatis,

193 2395 408 2456 convivificavit
431 2416 482 2455 nos
504 2396 536 2456 in
559 2395 685 2470 Christo,
711 2397 794 2475 nujus
818 2394 912 2474 grstia
934 2394 1005 2456 estis
1030 2395 1143 2458 adusti.

196 2541 203 2555 .
227 2541 234 2554 .
258 2540 264 2554 .
289 2541 295 2555 .
318 2493 419 2553 Gratia
432 2495 507 2566 enim
522 2495 591 2555 estis
605 2495 710 2555 salvati
722 2515 774 2573 per
786 2495 895 2556 fidem:
916 2497 947 2555 et
959 2494 1016 2554 hoe
1030 2515 1093 2556 non
1113 2515 1145 2556 ex

195 2595 285 2665 vobis,
302 2593 357 2652 Dei
377 2593 454 2653 onim
469 2594 575 2653 donum
596 2598 656 2668 est;
678 2614 737 2653 non
752 2614 789 2654 ex
809 2594 952 2674 operibus,
967 2597 1002 2653 ut
1022 2614 1063 2656 ne
1084 2594 1147 2673 quis

195 2694 343 2771 glorietur.
385 2693 485 2770 Ipsius
508 2694 585 2753 enim
609 2713 709 2753 sumus
732 2694 846 2754 factura
865 2693 954 2753 oresti
975 2693 1007 2753 in
1033 2694 1148 2756 Christo

196 2792 314 2854 lesuin
328 2792 461 2870 operibus
474 2793 585 2855 bonis.”
626 2794 732 2872 Ephos.
747 2793 817 2867 its,
830 2797 910 2852 8-10.
950 2792 1000 2853 Ibi
1014 2813 1078 2854 non
1092 2813 1149 2854 una

198 2891 408 2970 significatione
429 2891 592 2952 declaratur
618 2897 710 2953 totam
736 2897 865 2954 nostram
893 2891 1147 2970 justificationem,

198 3011 264 3051 eum
278 2991 339 3068 ipso
353 2989 437 3049 initio
451 2990 475 3068 ej
480 3010 522 3064 us,
533 3011 570 3052 ex
584 2993 758 3069 gratiaesse.
803 2992 843 3052 10.
858 2991 925 3051 Non
938 2994 1056 3052 tantum
1072 2995 1149 3055 enim

198 3092 303 3150 iterum
336 3089 502 3166 iterumque
535 3091 657 3152 affirmat
686 3091 927 3170 justificationem
961 3089 1150 3172 [“salvati:”

195 3187 365 3267 justificatio
378 3192 498 3248 vooatur
511 3190 588 3250 salus
601 3193 637 3250 ab
651 3193 755 3252 affeetu
770 3197 799 3252 et
812 3191 882 3269 quia
893 3195 938 3250 est
951 3191 1031 3250 salus
1050 3191 1152 3252 inoho·

199 3285 262 3366 ata]
283 3305 344 3345 esse
357 3305 395 3346 ex
408 3287 510 3362 gratia,
526 3289 576 3348 sed
596 3289 638 3349 ita
651 3311 689 3350 ex
709 3290 804 3368 gratia
823 3294 930 3350 utnon
951 3289 990 3348 sit
1008 3310 1047 3349 ex
1068 3291 1153 3350 nobis

202 3390 253 3444 aut
273 3385 457 3463 exoperibus
470 3388 585 3462 nostris,
601 3393 636 3449 ut
649 3389 688 3448 sit
702 3394 796 3449 totum
809 3389 865 3449 Dei
879 3390 996 3462 donum,
1013 3392 1048 3449 ut
1069 3389 1155 3450 nobis

202 3484 285 3543 nulla
298 3487 337 3544 sit
349 3486 421 3546 ratio
442 3487 593 3562 gloriandi.
634 3490 706 3556 Quae
721 3488 817 3548 omnia
831 3488 890 3548 diei
903 3507 961 3548 non
982 3493 1116 3566 possent,
1132 3489 1154 3546 si

201 3581 290 3655 Deus,
305 3588 373 3644 ante
385 3586 509 3662 gratiam
523 3588 629 3660 datam,
645 3595 777 3648 nostrum
797 3608 869 3666 opus
889 3588 996 3646 bonum
1016 3588 1155 3649 naturale

202 3689 391 3760 exspectaret,
420 3691 450 3746 et
477 3687 586 3747 intuitu
614 3689 695 3748 illius
721 3688 841 3766 gratiam
869 3687 1049 3764 elargiretur.
1113 3689 1154 3747 2⁰.
