2410 4314
102 417 188 466 nrsr.
205 399 274 486 ιιι]
323 401 377 464 De
395 397 516 465 Gralz'cr
530 397 692 466 elevante:
713 397 859 486 portitor.
1013 403 1051 481 85

100 571 292 650 comparatur
307 565 481 644 justificatio
501 568 659 644 peccatoris
673 587 740 626 cum
754 565 931 627 excitatione
948 585 1054 625 emor·

102 671 162 732 tuis
175 673 205 732 ct
220 667 364 729 creatione
378 687 416 727 ex
429 665 530 726 nihilo.
572 667 640 727 Non
660 669 758 727 autem
780 666 935 726 “dicimur
954 686 972 726 a
991 665 1054 726 Deo

101 769 193 831 creati
210 765 391 845 inoperibus
409 765 501 837 bonis,
517 767 595 843 quod
617 767 694 826 sicut
714 766 840 826 mundus
859 767 895 826 ad
913 766 958 826 sui
977 785 1054 826 crea·

101 872 213 932 tionem
239 865 317 926 nihil
343 870 478 943 operatus
505 871 556 939 est,
583 865 626 926 ita
652 885 705 926 neo
728 885 780 925 nos
807 866 843 924 ad
868 866 943 925 bona
969 884 1055 944 opera

100 971 260 1047 quicquam
286 983 490 1042 cooperemur:
524 965 575 1024 sed
601 964 672 1042 quia
699 969 759 1024 tam
781 984 858 1038 vere,
883 964 999 1042 proprie
1025 969 1055 1024 et

100 1071 258 1133 efficaciter
278 1069 358 1130 Deus
377 1068 409 1128 in
428 1070 511 1130 nobis
531 1087 617 1146 opera
630 1069 705 1129 bona
724 1067 865 1146 producit,
881 1068 958 1131 nihil
977 1069 1054 1146 quod

101 1193 141 1233 ex
154 1169 238 1230 nobis
252 1172 297 1230 est
309 1167 533 1247 pratoquircns3
556 1187 645 1246 quam
664 1189 741 1242 vere,
765 1168 878 1245 proprie
892 1171 921 1228 et
934 1168 1053 1228 efficaci-

101 1276 149 1332 ter
175 1269 319 1329 mundum
345 1289 383 1329 ex
409 1267 502 1327 nihilo
529 1267 698 1346 produxit.’'
744 1269 859 1342 Esrrus,
888 1267 920 1326 in
946 1268 1052 1328 locum.

101 1369 187 1429 Idem
207 1367 361 1428 dicendum
377 1371 421 1427 est
441 1369 476 1427 de
490 1367 583 1428 eltcra
602 1366 815 1446 comparatione
835 1365 1018 1428 excitationis
1038 1387 1055 1426 a

101 1467 236 1530 mortuis.

146 1573 194 1628 69.
229 1569 341 1628 Toxius
366 1569 487 1628 Petrum
514 1565 596 1626 allati
622 1567 657 1625 ad
682 1566 805 1644 primam
832 1565 1055 1644 propositionem

102 1668 282 1748 probandam
310 1668 352 1747 (n.
382 1671 430 1740 42,
458 1666 525 1739 dio.)
554 1667 629 1726 hanc
653 1686 768 1744 quoquc
793 1667 949 1726 secundam
970 1667 1054 1744 plane

102 1767 280 1846 significant.
322 1768 405 1826 Idem
419 1765 573 1826 dicendum
593 1769 637 1825 est
650 1767 685 1826 de
705 1766 817 1826 ratione
837 1765 1007 1843 theologica,
1023 1787 1052 1825 ιι.

104 1874 155 1929 48,
196 1868 276 1926 Talis
290 1869 333 1926 est
346 1865 424 1926 enim
438 1866 505 1924 ordo
526 1865 627 1942 gratioe
641 1867 677 1925 ad
691 1868 781 1925 vitam
796 1869 935 1925 aeternam
949 1867 1052 1926 ducen-

103 1968 153 2038 tis,
178 1970 238 2025 tem
264 1965 342 2025 altus
362 1969 393 2024 et
415 1963 569 2038 exceliens,
595 1969 630 2024 ut
651 1964 727 2024 nihii
750 1985 787 2025 ex
810 1984 839 2024 se
861 1965 953 2044 possit
975 1985 1055 2026 mera

103 2068 247 2139 ereatura,
263 2085 321 2143 quo
335 2064 471 2124 edilium
486 2063 665 2142 disponatur.

147 2165 195 2226 70.
216 2163 326 2224 Iisdem
349 2162 536 2240 argumentis,
557 2162 663 2240 quibus
686 2165 825 2241 probatur
845 2163 908 2224 haec
931 2165 1058 2225 secunda

103 2263 274 2344 propositio,
299 2263 439 2341 probatur
460 2262 556 2335 etiam,
584 2283 651 2342 quac
673 2265 793 2324 eandem
821 2263 972 2325 veritatem
1000 2266 1056 2324 alio

104 2368 193 2428 modo
207 2368 338 2439 affirmat,

148 2527 321 2586 Prorosrrro
341 2527 404 2585 III.
439 2527 542 2594 Gratia
562 2531 602 2585 ert
623 2527 731 2586 omniuo
748 2526 899 2606 protuetur
920 2547 967 2586 acu
986 2547 1056 2586 nurc-

106 2646 192 2706 quom
213 2627 297 2686 datur
311 2625 419 2686 intuitu
432 2625 523 2701 operia
537 2625 602 2684 boni
620 2627 781 2686 naturalia:
804 2647 851 2685 acu
871 2627 977 2686 nultum
991 2647 1058 2702 oper

106 2724 238 2786 naturale
245 2729 335 2802 potest
348 2724 404 2785 ullo
418 2727 494 2785 modo
508 2746 608 2786 errrore
618 2726 743 2804 qratiam
757 2731 806 2785 out
825 2727 862 2786 ccl
874 2746 931 2786 eom
940 2727 1059 2802 positive

105 2826 259 2902 disponere.

368 2944 424 3025 56.
449 2943 602 3005 Solvuntur
626 2943 800 3024 objectiones.

152 3067 198 3124 71.
223 3063 326 3142 Object.
349 3069 374 3122 1.
390 3066 483 3123 Ponas
496 3063 643 3124 hominem
659 3066 742 3125 bonis
760 3067 896 3137 moribus,
911 3065 1059 3126 liberalem

108 3183 179 3241 erga
204 3183 352 3241 pauperes,
381 3163 542 3223 beneficum
565 3183 634 3240 erga
660 3184 767 3238 omnes,
797 3167 906 3239 mitem,
932 3166 1058 3243 justum,

107 3264 218 3323 bonum
240 3262 389 3336 maritum,
404 3263 513 3322 bonum
532 3266 653 3340 patrem,
681 3266 730 3323 &o
772 3263 845 3337 Aut,
871 3265 948 3341 quod
969 3264 1060 3340 magis

109 3367 165 3435 est,
187 3381 276 3440 ponas
302 3361 444 3440 ejusmodi
474 3362 620 3423 hominem
647 3362 815 3440 prinoipem,
845 3368 896 3424 aut
922 3361 1061 3440 principis

110 3462 286 3533 ministrum,
302 3462 353 3539 qui
367 3481 482 3521 omnem
496 3481 577 3521 suam
591 3481 690 3522 curam
708 3463 826 3523 adhibet
839 3467 873 3522 ut
887 3463 982 3522 omnia
995 3482 1059 3540 quae

105 3564 190 3642 justa
212 3565 283 3620 sunt
301 3561 501 3632 decernantur,
516 3565 551 3620 ut
571 3561 668 3622 omnia
682 3581 747 3639 quae
767 3581 860 3622 mores
874 3566 1061 3638 corrumpunt

109 3663 307 3734 amoveantur,
323 3663 358 3720 ut
370 3681 429 3738 pax
449 3663 478 3720 et
497 3659 611 3722 interna
625 3665 655 3721 ct
674 3667 793 3722 externa
813 3665 996 3722 conservetur
1018 3661 1061 3740 (et
