2402 4292
46 436 163 486 mar.
185 410 252 506 ua]
300 413 356 483 De
370 412 511 482 Natura
526 423 560 482 et
580 413 626 483 Vi
640 412 735 482 Gret.
751 411 867 526 Habit.
980 434 1041 499 323

50 583 251 658 Catholiooe,
277 585 340 661 jam
367 583 533 645 accedimus
560 584 597 643 od
623 583 708 656 istam
737 583 906 656 doctrinam,
942 586 1042 643 contra

53 684 208 763 primam
222 684 340 746 classem
357 703 489 746 errorum
510 683 627 763 (nto),
650 684 682 744 in
701 683 756 744 hac
776 682 972 761 disputatione
992 682 1041 744 fir·

55 784 229 846 mandam.

62 981 88 1066 ς
106 989 139 1046 3.
162 983 311 1048 Probatur
325 984 467 1047 Doctrina
486 984 625 1046 Oettolico
639 984 671 1045 de
689 983 848 1046 remissione
854 987 1040 1064 peccatoram.

116 1191 170 1249 56.
192 1188 365 1248 Psorosmro
385 1186 413 1246 Ι.
458 1185 496 1246 Ire
514 1186 719 1264 justificatione
739 1187 896 1264 peccatoria
921 1187 1040 1266 peecata

65 1311 139 1354 vere
153 1292 342 1354 remittuntur
356 1296 383 1352 et
397 1291 609 1369 extinguuntur.

118 1494 300 1574 (Propositio
313 1493 407 1554 format
419 1492 578 1570 negativa:
613 1496 648 1554 ln
659 1493 869 1572 justificatione
882 1496 1039 1574 peccatoris

72 1599 200 1674 peccma
220 1614 280 1655 non
302 1593 493 1656 remittuntur
512 1595 582 1656 ficte
600 1598 630 1655 et
643 1595 806 1674 improprie,
830 1617 880 1658 seu
898 1617 950 1676 par
966 1617 1037 1658 uon·

73 1696 334 1776 imputationem.)

121 1897 170 1958 57.
191 1896 370 1974 Arpameata
384 1913 417 1954 ee
433 1893 464 1954 S.
480 1895 643 1972 Scriptura.
683 1897 896 1961 Araauurmurr
917 1899 944 1959 I.
986 1900 1034 1960 llx

77 1994 118 2055 iis
136 1995 207 2056 locis
224 1996 376 2074 inquibus
396 1997 504 2056 diserta
517 2003 547 2056 et
565 1998 601 2056 ad
614 1997 731 2058 literam
746 1999 905 2058 affirmatur
917 2006 1035 2076 peccata

79 2095 180 2157 deleri.
211 2095 267 2174 (l).
283 2095 431 2158 Dicuntur
451 2100 569 2173 peecata
590 2097 707 2174 auferri,
729 2098 889 2175 transferri,
914 2100 1031 2175 remitti,

80 2195 198 2269 dimitti,
210 2196 231 2258 i.
241 2216 266 2256 e.
282 2195 417 2269 amoveri,
429 2196 523 2274 abjici,
539 2197 582 2257 ita
591 2203 626 2257 ut
639 2217 696 2258 non
711 2200 835 2276 amplius
849 2200 953 2260 sintin
967 2205 1032 2263 sub·

77 2296 156 2374 jacto
169 2296 200 2354 in
210 2315 267 2373 quo
281 2301 366 2356 antea
380 2295 546 2356 existebant
559 2297 658 2375 (intra,
673 2317 703 2359 n.
719 2299 781 2377 66),
796 2305 826 2358 et
838 2299 903 2360 ideo
917 2321 1033 2378 prorsus

81 2394 306 2475 extinguantur.
331 2395 503 2474 “Dixitque
511 2397 631 2456 Nathan
640 2398 794 2456 adDavid:
811 2399 951 2460 Dominus
961 2420 1031 2478 quo·

84 2515 140 2573 qua
154 2495 304 2556 transtulit
315 2500 466 2573 peecatum
481 2499 596 2556 tuum.”
637 2501 655 2554 2
671 2497 743 2573 Reg.
758 2497 811 2556 xii.
829 2502 876 2560 13.
915 2504 935 2534 “
947 2501 1032 2562 Beati

83 2613 204 2672 quorum
216 2595 342 2658 remissae
356 2600 425 2656 sunt
437 2595 607 2673 iniquitates
628 2641 636 2657 .
654 2641 661 2658 .
683 2639 690 2655 .
707 2641 715 2657 .
736 2601 766 2658 at
780 2603 814 2657 tu
827 2597 964 2658 remisisti
976 2600 1031 2660 im·

84 2693 217 2773 pietatem
229 2695 341 2774 pcccati
354 2695 441 2757 mei.”
469 2696 574 2756 Psalm.
587 2697 674 2758 xxxi.
689 2700 714 2770 l,
726 2699 754 2757 ὅ.
790 2701 809 2732 “
817 2697 905 2758 Dixit
915 2696 950 2778 [J
950 2697 1030 2780 esus]

86 2797 264 2876 paralytico:
285 2797 406 2871 confide,
429 2797 481 2869 fili,
508 2797 700 2858 remittuntur
723 2797 778 2858 tibi
804 2802 922 2876 peccata
946 2801 1028 2861 tua.''

86 2898 184 2958 Matth.
197 2898 240 2958 ix.
255 2903 284 2958 2.
327 2903 347 2934 “
359 2899 434 2958 Ecce
446 2899 552 2974 Agnus
572 2897 637 2972 Dei,
660 2918 725 2958 acce
744 2899 796 2976 qui
816 2901 895 2962 tollit
913 2907 1031 2978 peccata

86 2999 210 3059 mundi.’'
250 2999 334 3061 Joau.
349 2999 367 3060 'a
384 3004 432 3058 29.
477 3000 550 3058 “Et
568 2999 623 3058 hoc
640 2999 701 3058 illia
714 3020 732 3059 a
745 3020 791 3060 me
804 3005 1027 3064 testamentum:

87 3117 150 3158 cum
173 3099 316 3159 abstulero
343 3101 461 3176 peccata
486 3098 616 3160 eorum.'’
653 3100 738 3161 Rom.
762 3101 806 3161 xi.
827 3103 874 3163 27.
915 3102 1030 3163 Similia

88 3197 153 3258 alibi
164 3198 267 3276 sapius
279 3199 424 3260 habentur
437 3199 469 3256 in
479 3198 518 3258 N.
527 3203 558 3258 et
564 3198 600 3260 V.
610 3198 804 3271 Testamenta,
819 3205 853 3260 ut
861 3200 968 3264 Psalm.
980 3201 1028 3262 cii.

91 3299 196 3358 lt:-“
208 3297 359 3364 Quantum
372 3297 464 3358 distat
479 3301 562 3358 ortus
583 3299 619 3358 ab
640 3300 799 3372 occidente,
823 3300 908 3376 louge
926 3301 997 3362 feeit
1011 3322 1028 3362 a

89 3397 164 3457 nobis
181 3397 351 3475 iniquitates
371 3395 512 3457 nostras.'’
554 3398 637 3470 Saue,
660 3398 686 3458 si
708 3403 826 3476 peccata
845 3419 863 3458 a
881 3404 1028 3477 peccatore

90 3502 264 3556 amoveantur
276 3502 307 3558 et
320 3496 474 3571 tollantur,
492 3516 551 3558 non
564 3499 689 3576 amplius
702 3499 734 3558 in
747 3519 780 3558 eo
795 3499 949 3575 ullomodo,
966 3501 1027 3563 sive

90 3600 122 3657 ut
131 3597 265 3676 imputata
280 3597 341 3659 siva
354 3601 390 3658 ut
399 3598 626 3677 non-imputata,
642 3620 702 3660 ease
715 3607 844 3678 possunt

126 3702 168 3760 68.
186 3697 243 3778 (2).
264 3697 415 3760 Dicuntur
435 3703 554 3778 paccata
575 3683 665 3762 ates
685 3705 716 3762 st
733 3701 870 3779 extingui
882 3721 1024 3783 expresse.
