2408 4304
68 427 159 478 mse.
176 401 257 499 xm]
454 401 510 474 De
523 401 659 475 Mert'lo·
842 383 846 392 Ι
962 424 1023 493 447

116 583 180 640 153.
203 579 275 645 Qum
300 575 382 636 addit
402 575 524 648 Soram,
541 578 576 634 n.
600 580 648 648 28,
668 575 737 635 huic
761 575 898 638 doctrines
926 575 1026 654 (mihi)

70 679 290 761 aliquantulam
314 675 517 737 obscuritatem
538 676 665 738 obducit.
720 678 853 755 Insuper,
884 678 1026 755 quomodo

67 779 232 865 probabilis
245 781 361 841 tantum
374 780 494 838 vocatur
513 776 576 838 haec
595 775 737 851 doctrina,
757 797 825 838 oum
838 777 953 838 omnino
967 796 1027 838 cer·

67 893 141 947 tum
153 887 197 945 est
209 881 272 942 dari
285 899 358 959 opus
370 878 561 953 meritorium,
572 899 684 958 nempe,
700 880 858 940 orationem
865 880 1026 959 petitionis,

66 1005 132 1065 quo
146 980 347 1046 infallibiliter
360 978 530 1040 obtinentur
553 978 609 1040 ista
620 978 753 1040 auxilia?
793 981 849 1042 Sed
871 981 948 1058 quod
962 979 1026 1042 exi·

68 1089 153 1149 mins
166 1085 266 1145 doctor
277 1081 326 1142 hic
340 1079 542 1141 subobscurius
554 1082 681 1158 proferre
689 1081 814 1153 videtur,
828 1081 860 1142 in
873 1081 930 1142 alio
944 1101 1029 1160 opere

68 1188 124 1267 (de
145 1183 290 1268 Oratione,
316 1182 338 1242 l.
360 1185 387 1256 l,
410 1201 435 1243 c.
451 1186 501 1254 22,
527 1181 580 1259 23)
604 1180 679 1242 clare
700 1180 837 1259 explicet.
878 1181 970 1256 Luae,
992 1181 1029 1242 de

66 1271 515 1360 Poeniunuauaenromr.
553 1281 1028 1356 viuotdernoamaemose.

119 1391 186 1449 1⁵4.
207 1386 299 1447 Omne
313 1404 381 1462 ergo
394 1403 466 1462 opus
476 1383 556 1461 quod
576 1383 665 1445 habet
678 1383 856 1444 conditiones
872 1383 1028 1462 requisites

67 1489 109 1550 ad
121 1481 497 1556 satisfactionem,meritum
507 1490 537 1542 et
544 1480 786 1560 impetrationem,
794 1482 873 1544 hunc
883 1481 1028 1561 triplicem

67 1590 202 1652 valorem
230 1586 398 1647 distinctum
416 1584 450 1644 in
471 1604 501 1644 se
518 1585 630 1657 habet3
652 1590 683 1645 et
704 1584 747 1646 ita
767 1585 863 1660 habet,
889 1590 924 1646 ut
946 1584 1027 1645 valor

68 1709 151 1752 unus
164 1687 267 1750 ceteris
276 1685 426 1747 -valoribus
439 1704 493 1745 nee
506 1683 657 1746 minuatur
669 1704 723 1746 nec
736 1691 886 1764 augeatur.
928 1685 985 1760 Sic,
1001 1683 1027 1746 si

70 1795 180 1862 Petrus
200 1789 246 1850 vir
266 1790 365 1867 justus
390 1787 518 1882 graviter
544 1792 674 1848 tentatus
699 1792 783 1864 roget
808 1789 904 1850 Deum
927 1790 1026 1869 (modo

70 1893 184 1966 debito,
199 1896 234 1952 ut
246 1891 295 1951 hic
309 1909 421 1968 semper
434 1890 576 1970 suppono)
598 1909 651 1967 pro
662 1889 772 1950 auxilio
784 1891 821 1950 ad
834 1889 1026 1952 tentationem

68 1989 269 2068 superandam,
294 1987 357 2048 hoec
379 1987 470 2048 oratio
496 1987 537 2060 1⁰,
563 1992 607 2047 est
633 1987 832 2061 satisfactorie,
861 1991 893 2048 et
918 1987 1025 2050 minuit

68 2110 194 2172 poenam
217 2088 343 2168 peccatis
366 2089 429 2168 jam
452 2087 579 2148 remissis
605 2087 740 2162 debitam,
766 2088 791 2148 si
818 2107 883 2167 quae
904 2087 956 2163 sia
981 2097 1025 2152 est

69 2194 229 2269 meritoria,
244 2198 276 2256 et
288 2197 377 2271 auget
389 2193 512 2270 gratiam
519 2212 597 2253 nuno
606 2193 737 2256 habitam
747 2197 777 2255 et
789 2195 911 2271 gloriam
924 2201 1025 2272 postca

70 2295 251 2366 habendam3
273 2298 317 2355 est
330 2293 536 2371 impetratoric,
557 2297 587 2352 et
606 2294 720 2355 obtinet
739 2295 862 2371 gratiam
876 2295 913 2354 ad
926 2299 1022 2356 tenta·

61 2395 174 2456 tionem
188 2394 369 2454 vincendam.
411 2398 451 2454 2⁰.
473 2394 528 2452 Est
548 2392 746 2466 satisfactoria,
774 2398 917 2471 quatenus
940 2398 1022 2472 (oum

59 2495 167 2557 ceteris
191 2493 420 2572 conditionibus)
440 2497 484 2553 est
496 2491 636 2570 poenalis,
651 2511 716 2570 quae
730 2492 857 2553 conditio
870 2498 914 2554 est
927 2495 1022 2571 operis

59 2593 386 2672 satisfactoriipropria;
409 2597 454 2653 est
464 2591 609 2653 meritoria
619 2592 863 2671 etimpetratoria,
875 2597 1019 2672 quatenus

61 2694 152 2754 habet
165 2692 345 2754 conditiones
366 2691 509 2771 ejusmodi
530 2691 665 2770 operibus
684 2691 837 2770 proprias:
858 2698 927 2754 sunt
940 2694 1018 2756 enim

61 2794 240 2858 conditiones
253 2793 388 2854 omnibus
411 2812 576 2854 communes
597 2799 628 2854 st
651 2793 774 2871 singulis
794 2794 916 2873 propria
932 2800 1018 2874 (quas

61 2896 153 2956 habes
166 2894 197 2954 in
211 2894 384 2955 tractatibus
398 2893 433 2954 de
445 2893 632 2972 poenitentia,
648 2894 741 2972 gratia
753 2897 784 2956 et
797 2895 955 2975 oratione):
977 2899 1018 2972 et,

62 2993 120 3056 etsi
129 2993 280 3072 promissio
304 2993 361 3054 Dei
384 2992 423 3053 sit
444 2994 580 3054 omnibus
600 2993 768 3068 communis,
784 2994 908 3072 singulis
922 3001 1018 3059 tamen

62 3099 141 3158 facta
154 3100 199 3158 est
211 3095 329 3174 propria
341 3099 372 3156 et
384 3094 522 3157 distincta
534 3095 645 3157 ratione
659 3101 689 3158 et
701 3097 800 3158 titulo.
841 3099 882 3159 8⁰.
903 3099 936 3160 si
949 3119 1017 3179 sup-

65 3215 156 3276 pones
178 3194 321 3256 ioannem
342 3194 450 3254 bonum
464 3195 581 3274 aliquod
595 3217 613 3256 a
625 3197 687 3258 Deo
706 3203 813 3276 petere,
830 3201 908 3278 quod
921 3206 1018 3264 tamen

64 3299 147 3358 Deus
169 3297 273 3358 videns
294 3296 321 3357 ei
342 3295 440 3358 minus
453 3298 597 3376 expedire,
613 3305 643 3360 et
662 3300 770 3362 bonum
783 3303 846 3380 ejus
859 3307 955 3382 major
968 3325 1018 3367 vo·

63 3398 137 3471 lens,
153 3416 212 3457 non
225 3396 307 3458 dabit
326 3397 366 3476 (v.
380 3417 409 3474 g.
424 3396 612 3458 liberationem
632 3419 649 3458 a
671 3401 840 3476 tentatione,
857 3407 937 3465 utin
950 3425 1018 3467 casu

65 3503 97 3563 S.
112 3500 212 3561 Pauli:
231 3505 304 3560 “ter
316 3499 474 3560 Dominum
487 3501 616 3578 rogavi,''
634 3505 683 3564 irc.
700 3509 717 3563 2
733 3506 794 3568 (ior.
805 3508 859 3570 xii.
876 3510 963 3590 7-a);
985 3520 1017 3577 et

67 3615 92 3665 si
104 3621 249 3682 supponas
261 3603 357 3662 Deum
371 3603 399 3664 ei
418 3602 495 3663 nihil
508 3605 588 3664 aliud
602 3606 718 3685 elargiri
730 3610 840 3672 ratione
853 3615 1013 3691 petitionis,

64 3715 135 3767 tuno
158 3701 234 3764 nihil
256 3701 368 3764 obtinet
389 3704 473 3764 modo
494 3705 708 3785 impetrationis.
758 3712 800 3773 Et
823 3713 848 3774 si
870 3733 1015 3798 supponas
1101 3693 1106 3698 .
