2410 4314
184 462 226 522 50
301 429 305 438 ⁴
553 436 608 501 De
625 434 756 526 Gratia,
983 434 1084 519 [mss.
1103 455 1137 500 ιι.
1185 460 1186 540 p

184 606 333 668 Concedo:
361 603 561 680 Diligentibus
587 621 617 662 se
643 601 675 661 in
702 603 779 660 stetu
807 597 873 673 alio,
900 619 976 677 pure
1003 601 1137 672 natnrsli,

180 727 258 767 mere
270 704 409 784 possibili,
429 703 482 782 qui
495 721 645 780 nunquam
658 699 760 760 extitit
780 703 831 759 sut
850 700 963 771 existit,
980 700 1137 760 subdistin-

182 827 257 884 guo:
279 807 359 865 Deus
372 804 464 864 ullam
477 803 638 862 mercedem
652 800 800 879 promisit:
822 801 851 859 N
852 820 903 877 ego
915 821 922 860 :
942 799 1138 874 Promitterct,

183 908 208 966 si
221 906 358 966 existeret
371 903 513 982 ejusmodi
528 909 634 962 status:
656 900 863 978 Subdistinguo
876 900 1004 960 iterum:
1028 899 1138 961 Merce-

182 1009 248 1067 dem
263 1005 314 1065 isti
334 1004 424 1064 statui
437 1011 467 1063 et
487 1004 587 1073 amori,
602 1000 653 1079 qui
668 1001 746 1060 solus
759 1003 790 1060 in
803 1019 837 1060 eo
851 1004 930 1061 statu
946 1019 1009 1060 esse
1026 1001 1140 1060 deberet

183 1111 214 1166 et
240 1112 324 1176 esset,
348 1122 421 1180 pure
448 1101 573 1162 naturali
601 1100 918 1177 convenientemque
944 1099 1140 1162 infelicitate

184 1205 308 1264 naturali
322 1205 495 1262 haberetur:
523 1200 673 1260 Concedo:
696 1199 859 1260 Mercedem
872 1199 1137 1276 supernaturalem:

185 1306 275 1378 Nego.

227 1405 292 1462 101.
324 1401 445 1480 Urpetur
458 1403 486 1473 2,
502 1401 538 1459 ab
552 1399 661 1472 eodem,
674 1397 744 1459 ibid
795 1398 862 1458 Non
875 1401 1048 1475 potestesse
1061 1399 1140 1460 nllus

183 1522 263 1561 amor
276 1501 331 1561 Dei
344 1501 488 1578 perfectus
502 1497 564 1558 sine
577 1497 687 1575 grstia:
711 1503 799 1576 prout
812 1498 895 1557 docet
909 1498 938 1557 S.
954 1499 1139 1574 Augustinus

182 1609 212 1662 et
225 1601 327 1661 definit
346 1601 431 1660 Ocno.
445 1599 523 1658 Trid
540 1599 614 1658 Sess.
631 1603 659 1671 6,
675 1617 738 1658 ean.
756 1603 782 1659 3.

222 1706 289 1761 102.
313 1701 398 1777 Itesp.
415 1700 452 1759 ad
468 1703 494 1772 1,
511 1697 688 1774 Distingno:
714 1699 805 1756 Amor
818 1695 875 1756 Dei
894 1699 1136 1776 supernaturalis,

181 1805 212 1862 et
225 1801 256 1860 in
269 1800 406 1880 praesenti
425 1803 503 1859 statu
523 1799 675 1859 salutaris:
702 1799 850 1859 Concedo:
874 1799 967 1857 Amor
983 1799 1137 1871 naturalis,

182 1904 212 1961 et
225 1902 256 1959 in
269 1903 347 1959 statu
361 1899 488 1958 naturali
501 1898 646 1970 salutaris,
662 1901 708 1958 i.e.
725 1898 777 1976 qui
790 1899 900 1958 valeret
913 1899 950 1957 ad
966 1899 1137 1960 felicitatem

181 1999 353 2070 naturalem,
374 1998 462 2057 finem
485 1997 565 2056 illius
589 2002 692 2069 status,
707 1997 930 2075 assequendam:
953 1997 1049 2076 Nego.
1091 2001 1140 2059 Ad
1190 2043 1191 2046 ,

182 2105 209 2168 2,
221 2099 303 2174 Nego
315 2099 416 2157 Patres
428 2097 613 2157 Tridentinus
624 2097 659 2158 de
668 2099 747 2158 statu
757 2103 869 2158 naturae
882 2115 963 2175 purae
977 2117 1139 2159 sermonem
1168 2119 1173 2130 ·

180 2198 335 2269 tancrede
357 2217 415 2275 quo
438 2215 475 2256 ne
493 2197 659 2273 cogitabant
672 2197 799 2275 quidem,
815 2197 865 2258 sed
883 2197 919 2257 de
938 2198 999 2257 solo
1018 2201 1100 2259 statu
1123 2219 1140 2259 a

180 2299 242 2357 Deo
256 2301 322 2356 actu
335 2295 494 2356 constituto
506 2317 513 2368 ;
529 2297 606 2374 quod
617 2295 736 2356 evidens
749 2301 837 2356 estex
845 2301 906 2356 tota
916 2297 989 2356 serie
999 2297 1140 2358 orationis

178 2401 208 2457 et
221 2397 349 2474 cupitum
362 2399 393 2458 et
405 2415 546 2456 canonum
563 2395 643 2455 illius
656 2395 789 2456 sessionis
804 2397 904 2475 (quam
917 2397 1004 2456 nimis
1016 2397 1140 2474 longum

179 2502 254 2556 esset
266 2496 315 2556 hic
327 2495 479 2573 indicare),
492 2501 521 2555 et
535 2515 573 2555 ex
581 2496 725 2555 erroribus
736 2515 808 2574 quos
820 2495 862 2555 ibi
875 2495 1022 2574 rejiciunt,
1035 2497 1090 2576 qni
1104 2499 1140 2558 ad
1191 2543 1192 2550 κ

178 2597 271 2656 solum
285 2599 455 2674 praesentem
469 2599 577 2655 statum
592 2599 723 2673 spectant
734 2601 805 2656 :—“
815 2596 845 2655 si
859 2596 926 2673 quis
939 2595 1060 2672 dixerit,
1076 2599 1139 2659 sine

177 2696 374 2774 preveniente
388 2695 515 2773 Spiritus
530 2695 630 2755 Sancti
648 2695 846 2773 inspiratione,
863 2702 951 2776 atque
969 2703 1035 2775 ejus
1052 2701 1137 2779 adju-

63 2817 76 2842 ·
176 2795 259 2868 torio,
272 2795 407 2854 hominem
421 2796 545 2865 eredere,
556 2813 678 2872 sperare,
689 2795 810 2872 diligere
819 2801 873 2856 aut
884 2797 1032 2874 poenitere
1040 2820 1135 2878 posse,

178 2896 251 2954 sicut
264 2899 377 2970 oportet,
393 2899 428 2953 ut
442 2893 689 2971 eijustr'floationis
699 2896 798 2974 pratia
811 2897 990 2970 contemtum
1014 2901 1136 2960 anatho

178 3014 226 3053 ma
247 2992 316 3052 sit.”
364 2993 448 3052 Idem
466 2979 511 3053 de
525 2993 555 3052 S.
576 2995 750 3072 Augustino,
766 2999 797 3056 et
820 2997 856 3056 de
875 2997 979 3058 ceteris
997 2998 1138 3060 Patribus

178 3091 229 3170 qui
243 3091 350 3151 similia
361 3091 478 3165 habent,
494 3091 647 3152 dicendum
661 3099 714 3153 est.

222 3196 287 3250 103.
308 3192 394 3259 Quod
414 3192 483 3252 huic
500 3193 621 3270 opponit
642 3194 729 3267 idem,
752 3195 868 3266 ibidem,
883 3197 968 3256 valde
992 3197 1084 3259 futile
1107 3203 1138 3259 et

177 3292 308 3369 ineptum
336 3295 389 3364 est,
416 3311 529 3369 nempe,
556 3311 651 3370 neque
678 3295 756 3371 apud
783 3297 907 3371 August.
933 3315 1028 3374 neque
1056 3300 1137 3376 apud

177 3391 307 3449 Trident.
322 3390 447 3450 inveniri
456 3390 542 3450 istam
555 3391 780 3466 distinctionem,
792 3414 850 3472 qua
860 3395 1077 3471 significaretur
1088 3418 1137 3458 eos

175 3489 256 3567 loqui
276 3489 312 3574 de
332 3491 391 3550 solo
412 3494 491 3550 statu
506 3491 651 3568 presenti.
692 3493 777 3569 Bssp.
792 3494 874 3564 Cum,
896 3514 933 3554 ex
949 3495 1013 3573 jem
1034 3497 1134 3570 dictis,

175 3589 284 3648 clarum
312 3595 343 3649 et
369 3589 556 3650 manifestum
574 3591 663 3651 fuerit
685 3611 732 3652 cos
752 3593 787 3652 de
804 3593 921 3654 bomine
943 3595 975 3654 in
993 3598 1136 3673 praesenti

173 3691 250 3748 statu
264 3687 355 3767 loqui,
370 3709 487 3767 prorsus
500 3709 744 3767 supervacaneum
759 3697 833 3753 esset
845 3693 877 3754 id
889 3695 936 3754 his
949 3695 1021 3773 ipsis
1034 3697 1135 3756 verbis
