2402 4292
85 449 181 494 mam
199 427 262 532 rm]
331 427 387 493 De
400 427 539 494 Natura
553 432 587 495 cl
607 429 654 497 Vi
667 429 762 497 Grai.
779 430 894 498 Habet.
984 454 1049 521 303·
1152 381 1155 388 Ι

90 595 168 654 aliie
186 595 299 655 duobus
320 615 380 656 esse
401 599 513 673 potest:
543 597 664 657 eandem
688 617 757 674 crgo
781 597 814 657 in
836 602 966 659 concreto
987 620 1049 661 rem

90 696 276 772 significant,
307 698 355 755 sed
384 698 438 756 sub
465 700 608 773 conceptu
635 696 757 758 divorso.
799 699 855 757 Per
876 701 1051 762 sanctornm

91 794 274 872 simpliciter
288 795 472 870 significatur
486 796 655 856 immunitas
670 817 686 855 a
699 801 818 874 peccato
830 799 954 870 mortali,
971 803 1008 869 et,
1024 801 1050 860 si

87 897 306 975 perfectissima
332 899 379 970 eit,
403 899 438 956 ab
468 898 546 956 omni
574 901 692 974 peccato
719 899 837 957 veniali.
881 902 954 960 Haeo
970 922 1048 962 mera

89 997 234 1058 sauctitas
247 996 278 1054 in
293 996 349 1056 clio
363 997 472 1069 ordine,
488 1016 516 1055 v.
533 1017 561 1072 g.
575 997 608 1055 in
622 1002 701 1056 statu
716 1005 826 1058 noturae
841 1019 928 1075 purae,
944 1001 1045 1060 haberi

87 1100 198 1175 posset
239 1098 277 1156 In
290 1097 427 1173 praesenti
444 1116 512 1156 vero
531 1097 640 1170 ordine,
658 1103 692 1156 nt
710 1099 774 1176 jam
789 1099 966 1167 dictumest.
982 1121 1045 1160 cam

90 1215 208 1274 semper
229 1198 385 1256 comitatur
399 1196 530 1275 justitia,
555 1196 576 1256 i.
595 1216 620 1256 e.
640 1197 767 1274 positiva
789 1199 922 1274 quaedam
944 1199 1046 1260 animoa

89 1297 234 1375 perfectio
247 1299 278 1356 et
291 1295 447 1372 singularis
461 1297 651 1373 pulchritudo
672 1297 834 1374 spiritualia
855 1303 885 1358 et
907 1319 1044 1377 superna·

89 1396 208 1456 turalie.
249 1397 313 1456 Hos
333 1397 405 1456 duor
425 1395 556 1470 effectus,
586 1397 710 1456 alterum
730 1398 900 1473 negativum
920 1399 1043 1459 alterum

90 1495 262 1573 positivum,
286 1495 363 1572 parit
386 1494 479 1570 gratia
502 1496 669 1565 habitualis,
694 1497 803 1572 quibus
825 1498 911 1557 homo
932 1498 967 1557 fit
986 1499 1044 1557 Deo

89 1599 200 1672 oratur.
242 1597 338 1654 Homo
358 1599 456 1653 autem
476 1595 576 1672 justus
591 1597 652 1654 Deo
667 1600 766 1671 gratus
780 1600 834 1669 est,
857 1617 916 1656 non
929 1600 1045 1657 tantum
1089 1640 1091 1645 -

90 1694 150 1754 isto
170 1694 299 1770 generali
318 1694 411 1765 modo,
430 1713 486 1771 quo
507 1693 604 1752 omnia
624 1714 710 1770 opera
729 1695 785 1754 Dei
798 1695 856 1772 ipsi
873 1700 956 1772 grata
976 1703 1045 1756 eunt

92 1795 214 1872 (Gerros.
229 1793 250 1852 i.
264 1796 335 1871 31),
357 1813 410 1852 nec
424 1793 514 1852 etiam
527 1793 584 1854 isto
598 1793 717 1870 speciali
730 1797 823 1868 modo,
842 1815 898 1872 quo
912 1797 998 1854 homo
1012 1795 1045 1854 in

91 1912 168 1970 pura
188 1897 301 1964 nature,
331 1913 430 1952 carena
453 1896 571 1969 peccato
593 1898 623 1952 et
650 1913 736 1969 opera
761 1894 871 1952 faciens
897 1895 1045 1955 moraliter

91 1995 178 2065 bona,
194 1994 255 2052 Deo
270 1996 370 2068 gratus
384 1996 458 2052 esset
466 2014 474 2064 ;
499 1993 549 2050 sed
563 1993 647 2050 modo
661 1993 876 2069 specialissimo,
888 2015 946 2072 quo
959 1995 1044 2054 homo

92 2095 157 2154 Deo
170 2098 269 2170 gratur
283 2097 328 2156 est
344 2099 362 2128 “
372 2094 500 2170 perfecta
510 2092 646 2154 amicitiae
658 2095 846 2167 gratitudine,
862 2095 905 2156 ita
918 2100 952 2156 ut
964 2097 1044 2156 Deus
1071 2103 1073 2108 ’

93 2194 208 2254 ratione
231 2194 313 2252 illius
336 2193 404 2252 doni
432 2191 550 2274 [gratiae
573 2193 731 2252 habitualis
754 2195 865 2254 homini
888 2196 1044 2256 intrinseca

93 2291 279 2373 iuhaercntie]
306 2293 339 2351 in
363 2293 424 2366 illo,
454 2297 595 2368 tanquam
618 2293 649 2350 in
672 2292 763 2352 amico
784 2294 970 2370 complaceat,
992 2314 1043 2354 seu

94 2392 236 2468 singulari
249 2412 353 2463 amore,
369 2411 402 2451 ao
415 2392 531 2469 proprio
545 2391 702 2468 justorum,
722 2392 807 2450 illum
820 2393 1043 2470 prosequatur.''

94 2494 216 2565 Souara,
225 2493 245 2552 1.
260 2496 288 2565 7,
301 2493 430 2552 Prooem.
440 2512 468 2550 n.
486 2493 512 2562 1,
527 2496 543 2548 3
557 2513 565 2560 ς
586 2510 611 2550 o.
627 2494 653 2563 1,
664 2510 693 2550 n.
707 2494 733 2564 l,
747 2494 784 2563 2;
806 2496 836 2550 et
854 2492 889 2551 do
903 2493 1042 2552 Iuoarna-

93 2595 181 2663 tione,
198 2592 225 2650 d.
242 2595 287 2663 18,
304 2611 324 2650 s.
343 2595 368 2651 1.
410 2590 568 2650 Hominem
589 2609 650 2650 ease
670 2593 785 2667 gratum
799 2591 862 2650 Deo
875 2593 905 2651 et
919 2591 1043 2652 amioum

95 2692 151 2752 Dei
165 2691 242 2750 idem
256 2691 304 2750 hio
318 2695 430 2751 sonant.

133 2795 201 2856 ⁴⁶17.
226 2797 245 2827 “
254 2793 302 2852 Ad
315 2811 413 2850 veram
434 2793 464 2850 et
483 2790 600 2868 proprie
613 2790 719 2852 dictam
734 2790 891 2852 amicitiam
904 2795 964 2854 tres
976 2810 1043 2852 con·

95 2889 219 2950 ditiones
239 2891 430 2950 communiter
451 2892 651 2967 requiruntur.
692 2890 798 2963 Prima,
815 2893 892 2969 quod
912 2892 1044 2952 amonuit

95 2992 312 3064 benevolentiae,
334 3011 391 3068 quo
405 2993 539 3050 volumus
561 2991 650 3050 alicui
671 2992 779 3051 bonum
802 2997 919 3070 propter
938 2994 1042 3072 ipsum.

98 3135 107 3151 .-
128 3137 134 3152 .
158 3139 164 3154 .
186 3113 202 3152 .·
216 3093 350 3152 Secunda
376 3091 502 3150 conditio
530 3095 581 3164 eat,
611 3095 647 3151 ut
674 3111 753 3152 amor
776 3093 831 3154 iste
853 3097 893 3155 uit
913 3085 1041 3154 mutuus.

96 3193 162 3252 Non
182 3193 260 3252 euim
280 3191 388 3250 sufficit
409 3191 445 3248 od
468 3191 522 3249 hoc
540 3194 576 3250 ut
597 3191 704 3268 aliquis
724 3191 763 3250 nit
781 3193 891 3252 amicus
911 3193 1040 3264 alteriue,

97 3292 173 3369 quod
192 3291 278 3350 illum
297 3291 414 3367 praeoise
432 3303 516 3361 amet,
540 3290 591 3349 sed
607 3290 695 3350 etiam
709 3291 795 3350 debet
808 3293 844 3350 ab
860 3291 913 3350 illo
927 3294 1016 3351 curari
1033 3311 1041 3350 z

83 3393 206 3452 'amicus
219 3393 297 3452 enim
316 3397 361 3450 eet
379 3393 471 3450 amico
487 3391 606 3464 amicus,
630 3396 660 3451 et
674 3392 782 3451 dicitur
795 3394 878 3470 quasi
891 3393 1040 3465 amicatus,

97 3493 138 3553 ita
150 3497 184 3555 ut
193 3494 260 3552 talio
269 3513 348 3552 amor
361 3498 481 3552 mutuus
490 3493 529 3552 eit
540 3492 623 3569 quani
637 3513 730 3552 nexus
740 3493 818 3552 inter
827 3494 908 3552 duos.
944 3493 1042 3553 Tertia

98 3597 222 3682 conditio
243 3599 295 3665 est,
311 3596 389 3673 quod
409 3595 464 3654 iste
487 3599 608 3655 mutuus
632 3615 711 3653 amor
731 3595 871 3654 fundetur·
891 3595 921 3654 in
943 3595 1042 3673 aliqua

91 3695 370 3758 communicatione:
394 3695 446 3772 qui
465 3695 542 3754 eninr
563 3693 594 3752 in
608 3695 690 3756 nullo
705 3696 917 3759 communicant
930 3695 1040 3760 nullam
