2430 4304
214 483 275 562 tao
578 439 633 536 De
647 441 777 536 Caelata.
987 449 1091 556 [niae.
1107 473 1160 536 ori.

209 659 239 698 n.
257 643 292 698 83
308 659 314 696 ε
339 655 413 714 aoepe
428 635 504 694 enim
519 638 629 696 confert
643 637 678 694 ad
693 636 830 696 effectum
838 636 1072 712 producendum,
1088 639 1163 696 modo

209 738 252 800 ibi
266 738 404 816 exposito.
447 738 487 797 2⁰.
509 741 683 814 Apponatur
693 737 843 797 distinctio
852 737 994 797 aimilieei
1003 739 1071 816 jam
1084 740 1163 811 data,
1198 741 1199 792 Ὺ

209 860 238 900 n.
256 845 313 900 82:
335 839 495 916 Nunquam
516 840 621 899 habuit
636 844 686 899 &u
698 859 737 898 ex
752 839 839 916 eulpa
851 838 998 898 hominia:
1022 839 1163 899 Gonoado:

211 939 257 998 Ex
273 937 388 998 deieotu
402 935 465 996 eui:
489 935 581 1012 Nego.
624 934 663 996 3⁰.
686 935 787 996 Gratia
800 935 898 996 vorari
911 939 1010 1013 potest
1025 935 1166 996 sufficiens

211 1036 320 1114 tripiici
351 1055 443 1097 sanam
497 1035 747 1107 “1⁰.Proeoiaiao,
772 1039 861 1112 prout
891 1035 1081 1110 significatur
1109 1053 1166 1094 eam

211 1138 341 1198 conferre
355 1135 523 1215 potentiam,
547 1136 599 1196 sed
620 1135 827 1214 praescinditur
840 1156 879 1195 an
890 1137 1094 1214 conjungatur
1106 1155 1165 1195 eum

210 1237 391 1317 operationa;
413 1257 471 1315 quo
484 1235 603 1314 quidem
623 1237 708 1296 modo
731 1237 889 1314 opponitur
909 1237 1017 1313 gratiae
1029 1235 1165 1296 insuffici-

211 1337 281 1399 enti.
323 1337 368 1398 20.
389 1337 522 1410 Portitor,
537 1336 677 1396 nimirum
698 1341 786 1414 prout
807 1341 955 1414 spectatur
975 1339 1109 1398 conferre
1122 1355 1164 1414 po·

210 1437 340 1510 tantiam,
367 1441 397 1496 et
417 1435 505 1495 simul
528 1436 668 1514 conjungi
691 1454 760 1495 oum
781 1436 972 1514 operatione:
1003 1457 1066 1514 quo
1087 1453 1165 1495 sensu

211 1541 304 1614 gretie
319 1533 461 1595 sufficiens
483 1553 551 1595 oum
575 1534 682 1594 efficaci
703 1534 912 1597 identificatur.
954 1535 998 1595 3⁰.
1021 1536 1163 1614 Nepotiaa
1198 1523 1199 1530 ἶ

211 1635 348 1696 videlieet
366 1639 452 1699 orout
474 1637 623 1711 apertatur
646 1635 776 1696 conferre
799 1635 972 1713 potentiam,
996 1637 1050 1696 aad
1085 1631 1165 1694 simul

211 1755 304 1796 eurora
318 1735 432 1807 affeetu,
448 1735 484 1794 ob
497 1734 661 1795 voluntati·
685 1735 911 1812 repugnantiam
923 1735 973 1794 vel
985 1736 1162 1812 neglectum

211 1839 241 1896 ot
262 1833 303 1894 aio
324 1834 480 1912 opponitur
502 1833 601 1909 gratiae
625 1833 740 1894 efficaci.
792 1836 831 1893 In
851 1833 990 1911 praesenti
1008 1834 1164 1912 quaestione

212 1933 310 2012 agitur
329 1933 364 1993 de
378 1935 472 2010 gratia
485 1932 643 1993 sufficiente
655 1934 710 1992 hoo
723 1933 811 1994 tertio
826 1953 922 2006 sanan,
938 1938 969 1994 et
982 1934 1025 1994 aio
1039 1933 1162 1994 oonaide·

212 2035 360 2094 rutaeorte
373 2051 524 2109 nunquam
546 2032 634 2090 habet
653 2032 808 2104 effaetum
829 2031 862 2090 id
884 2051 953 2092 vara
973 2033 1113 2108 provenit
1131 2048 1164 2089 ex

213 2133 347 2192 humanae
360 2131 521 2190 voluntatis
540 2129 632 2190 libera
646 2130 840 2191 resistentia.’'
863 2133 1045 2204 Jaraurrrrr,
1061 2153 1093 2194 n.
1105 2133 1162 2190 191.

215 2229 395 2290 Anteoadana
408 2231 462 2290 hoo
477 2228 722 2290 sensuintaileota
734 2231 813 2290 idem
827 2226 911 2290 sonat
924 2249 957 2290 ao
971 2231 997 2290 ai
1011 2232 1160 2300 dicaretur,
1198 2307 1199 2310 Ἴ

214 2327 314 2390 Gratia
328 2347 394 2406 quoe
408 2347 558 2406 nunquam
571 2330 659 2388 habet
668 2329 804 2389 effectum
816 2349 968 2408 nunquam
981 2331 1074 2391 habet
1086 2330 1160 2392 effee-
1198 2327 1199 2336 ’

212 2427 294 2489 turni
338 2427 395 2488 sed
408 2426 502 2505 gratia
516 2427 667 2502 ruffiniana,
684 2448 771 2488 ernau
791 2434 924 2488 concreto
939 2433 970 2489 et
985 2429 1104 2507 integro
1123 2428 1162 2486 in·

208 2527 334 2602 tellecta,
347 2545 381 2588 aa
394 2531 439 2587 eat
452 2545 517 2604 quae
532 2545 643 2604 semper
657 2527 707 2587 dat
720 2547 819 2588 varam
828 2531 1002 2604 potestatem
1017 2525 1159 2606 operandi,

208 2631 238 2689 ot
252 2645 335 2706 ampo,
351 2625 524 2686 assentiento
538 2625 629 2686 libero
643 2625 771 2685 hominia
784 2627 913 2698 arbitrio,
930 2627 1069 2704 producit
1083 2627 1159 2688 affec·
1198 2609 1199 2700 t

208 2731 271 2785 tum
287 2725 329 2804 (et
342 2727 414 2784 tuno
426 2723 459 2782 in
472 2723 576 2782 soholie
591 2727 710 2782 vocatur
719 2724 843 2802 efficax),
859 2725 1006 2802 sedsaepe,
1022 2726 1160 2786 renitente
1198 2723 1199 2812 j

209 2825 307 2884 eodem
319 2823 410 2883 libero
424 2822 551 2896 arbitrio,
576 2842 636 2882 non
659 2823 794 2900 produoit
818 2823 1021 2901 effeetum‘Qet
1042 2831 1115 2888 tuno
1133 2825 1160 2881 in

210 2923 314 2984 aohoiis
334 2927 452 2982 vocatur
466 2923 610 2982 ruffloians
624 2941 675 2982 seu
689 2942 766 2981 mere
780 2922 946 3000 sufficiens).
988 2922 1079 2984 Nota.
1097 2928 1159 2994 Qua
1198 2935 1199 2968 t

206 3025 269 3104 jum
283 3024 360 3083 diota
369 3025 403 3082 de
417 3023 510 3098 gratia
524 3022 677 3083 sufficienti
691 3029 725 3081 ut
737 3023 840 3082 inutili
860 3024 997 3099 spectata,
1015 3023 1116 3082 eudem
1129 3019 1159 3077 de
1198 3007 1199 3010 ¹

152 3127 155 3136 ⁴
211 3145 245 3186 oa
258 3127 293 3183 ut
306 3121 408 3182 nociva
428 3123 549 3182 dicenda
569 3127 647 3182 aunt.
688 3121 815 3182 Notetur
837 3140 952 3198 quoquo
973 3122 1158 3198 proposition

211 3225 288 3284 inter
311 3223 459 3282 damnatas
479 3222 514 3280 ab
527 3221 694 3280 Alexandro
718 3221 800 3282 VIII
810 3225 883 3280 :-“
893 3219 994 3280 Gratia
1017 3221 1158 3280 sufficiam

214 3325 303 3387 statui
318 3327 416 3383 nostro
439 3342 498 3381 non
521 3325 581 3380 tam
604 3322 689 3382 utilia
710 3341 799 3398 quam
819 3320 979 3398 perniciora
999 3325 1054 3395 eat,
1070 3321 1112 3381 aio
1129 3323 1158 3378 ut

213 3423 332 3503 proinde
346 3421 448 3480 merito
462 3420 603 3498 possimus
626 3424 734 3497 petere,
750 3421 779 3477 A
793 3419 887 3494 gratia
897 3418 1053 3478 sufficienti
1070 3420 1155 3479 libera

215 3543 267 3584 nos
280 3521 433 3581 Domine.”
940 3521 944 3530 '

255 3629 303 3682 86.
329 3622 431 3694 object.
446 3627 471 3682 7.
493 3619 551 3690 Qui
572 3621 661 3679 habet
682 3618 806 3695 gratiam
829 3639 908 3679 mero
931 3618 1157 3681 sufficientemvi

214 3720 332 3780 termini
354 3739 413 3777 non
436 3723 531 3794 potaat
561 3738 620 3778 non
641 3737 767 3798 peceare.
815 3719 894 3798 Ergo
915 3719 1010 3800 gratia
1030 3719 1089 3788 iata
1107 3737 1157 3784 non

215 3819 310 3904 potest
323 3835 383 3880 oeae
391 3817 497 3876 donum
503 3815 567 3880 Dei.
