<?xml version="1.0" encoding="UTF-8"?>
<!DOCTYPE html PUBLIC "-//W3C//DTD XHTML 1.0 Transitional//EN"
    "http://www.w3.org/TR/xhtml1/DTD/xhtml1-transitional.dtd">
<html xmlns="http://www.w3.org/1999/xhtml" xml:lang="en" lang="en">
 <head>
  <title>
</title>
<meta http-equiv="Content-Type" content="text/html;charset=utf-8" />
  <meta name='ocr-system' content='tesseract 3.04.00' />
  <meta name='ocr-capabilities' content='ocr_page ocr_carea ocr_par ocr_line ocrx_word'/>
</head>
<body>
  <div class='ocr_page' id='page_1' title='image "./tractatusdegrat00murrgoog_0275.png"; bbox 0 0 2410 4318; ppageno 0'>
   <div class='ocr_carea' id='block_1_1' title="bbox 181 375 1135 467">
    <p class='ocr_par' dir='ltr' id='par_1_1' title="bbox 181 375 1135 467">
     <span class='ocr_line' id='line_1_1' title="bbox 181 375 1135 467; baseline -0.004 -19"><span class='ocrx_word' id='word_1_1' title='bbox 181 379 244 448; x_wconf 79' lang='lat' dir='ltr'>ado</span> <span class='ocrx_word' id='word_1_2' title='bbox 534 375 590 448; x_wconf 84' lang='lat' dir='ltr'>De</span> <span class='ocrx_word' id='word_1_3' title='bbox 607 379 736 450; x_wconf 78' lang='lat' dir='ltr'><em>Gratia.</em></span> <span class='ocrx_word' id='word_1_4' title='bbox 942 375 1046 467; x_wconf 78' lang='lat' dir='ltr'>[nise.</span> <span class='ocrx_word' id='word_1_5' title='bbox 1062 393 1135 446; x_wconf 76' lang='lat' dir='ltr'>um.</span> 
     </span>
    </p>
   </div>
   <div class='ocr_carea' id='block_1_2' title="bbox 139 545 1197 3724">
    <p class='ocr_par' dir='ltr' id='par_1_2' title="bbox 179 545 1197 1814">
     <span class='ocr_line' id='line_1_2' title="bbox 179 545 1139 627; baseline 0 -21"><span class='ocrx_word' id='word_1_6' title='bbox 179 547 260 624; x_wconf 84' lang='lat' dir='ltr'>genti</span> <span class='ocrx_word' id='word_1_7' title='bbox 273 567 323 625; x_wconf 89' lang='lat' dir='ltr'>per</span> <span class='ocrx_word' id='word_1_8' title='bbox 336 548 464 620; x_wconf 89' lang='lat' dir='ltr'>modum,</span> <span class='ocrx_word' id='word_1_9' title='bbox 476 553 510 608; x_wconf 87' lang='lat' dir='ltr'>ut</span> <span class='ocrx_word' id='word_1_10' title='bbox 520 549 674 623; x_wconf 68' lang='lat' dir='ltr'>stadiorum,</span> <span class='ocrx_word' id='word_1_11' title='bbox 687 547 886 627; x_wconf 83' lang='lat' dir='ltr'>proemotionis</span> <span class='ocrx_word' id='word_1_12' title='bbox 896 549 1042 626; x_wconf 69' lang='lat' dir='ltr'>physion.</span> <span class='ocrx_word' id='word_1_13' title='bbox 1085 545 1139 606; x_wconf 87' lang='lat' dir='ltr'>Sed</span> 
     </span>
     <span class='ocr_line' id='line_1_3' title="bbox 179 647 1139 726; baseline -0.005 -18"><span class='ocrx_word' id='word_1_14' title='bbox 179 649 203 708; x_wconf 81' lang='lat' dir='ltr'>si</span> <span class='ocrx_word' id='word_1_15' title='bbox 219 647 355 722; x_wconf 85' lang='lat' dir='ltr'>magister</span> <span class='ocrx_word' id='word_1_16' title='bbox 368 668 435 708; x_wconf 84' lang='lat' dir='ltr'>vere</span> <span class='ocrx_word' id='word_1_17' title='bbox 448 649 563 725; x_wconf 85' lang='lat' dir='ltr'>dirigat,</span> <span class='ocrx_word' id='word_1_18' title='bbox 588 651 694 726; x_wconf 83' lang='lat' dir='ltr'>dirigat</span> <span class='ocrx_word' id='word_1_19' title='bbox 717 653 816 708; x_wconf 83' lang='lat' dir='ltr'>autem</span> <span class='ocrx_word' id='word_1_20' title='bbox 840 649 899 707; x_wconf 85' lang='lat' dir='ltr'>alio</span> <span class='ocrx_word' id='word_1_21' title='bbox 922 648 1022 720; x_wconf 89' lang='lat' dir='ltr'>modo,</span> <span class='ocrx_word' id='word_1_22' title='bbox 1038 647 1070 705; x_wconf 91' lang='lat' dir='ltr'>in</span> <span class='ocrx_word' id='word_1_23' title='bbox 1086 666 1139 724; x_wconf 89' lang='lat' dir='ltr'>quo</span> 
     </span>
     <span class='ocr_line' id='line_1_4' title="bbox 179 747 1140 828; baseline -0.003 -22"><span class='ocrx_word' id='word_1_24' title='bbox 179 753 290 807; x_wconf 89' lang='lat' dir='ltr'>nonest</span> <span class='ocrx_word' id='word_1_25' title='bbox 303 749 451 824; x_wconf 85' lang='lat' dir='ltr'>praemotio</span> <span class='ocrx_word' id='word_1_26' title='bbox 465 751 584 828; x_wconf 82' lang='lat' dir='ltr'>physica</span> <span class='ocrx_word' id='word_1_27' title='bbox 607 751 687 828; x_wconf 74' lang='lat' dir='ltr'>(quae</span> <span class='ocrx_word' id='word_1_28' title='bbox 708 757 806 810; x_wconf 91' lang='lat' dir='ltr'>tamen</span> <span class='ocrx_word' id='word_1_29' title='bbox 821 750 957 808; x_wconf 89' lang='lat' dir='ltr'>absolute</span> <span class='ocrx_word' id='word_1_30' title='bbox 975 747 1140 807; x_wconf 86' lang='lat' dir='ltr'>necessaria</span> 
     </span>
     <span class='ocr_line' id='line_1_5' title="bbox 180 847 1197 927; baseline -0.001 -21"><span class='ocrx_word' id='word_1_31' title='bbox 180 851 224 906; x_wconf 88' lang='lat' dir='ltr'>est</span> <span class='ocrx_word' id='word_1_32' title='bbox 236 851 271 908; x_wconf 85' lang='lat' dir='ltr'>nt</span> <span class='ocrx_word' id='word_1_33' title='bbox 285 848 444 924; x_wconf 81' lang='lat' dir='ltr'>discipulus</span> <span class='ocrx_word' id='word_1_34' title='bbox 463 851 536 909; x_wconf 88' lang='lat' dir='ltr'>bene</span> <span class='ocrx_word' id='word_1_35' title='bbox 557 850 688 927; x_wconf 76' lang='lat' dir='ltr'>scribat),</span> <span class='ocrx_word' id='word_1_36' title='bbox 711 853 781 908; x_wconf 87' lang='lat' dir='ltr'>tune</span> <span class='ocrx_word' id='word_1_37' title='bbox 801 848 986 926; x_wconf 80' lang='lat' dir='ltr'><strong>imperfectio</strong></span> <span class='ocrx_word' id='word_1_38' title='bbox 1001 847 1036 906; x_wconf 91' lang='lat' dir='ltr'>in</span> <span class='ocrx_word' id='word_1_39' title='bbox 1050 847 1139 922; x_wconf 87' lang='lat' dir='ltr'>serip-</span> <span class='ocrx_word' id='word_1_40' title='bbox 1196 871 1197 898; x_wconf 77' lang='grc' dir='ltr'>ι</span> 
     </span>
     <span class='ocr_line' id='line_1_6' title="bbox 180 946 1139 1026; baseline -0.002 -20"><span class='ocrx_word' id='word_1_41' title='bbox 180 950 246 1006; x_wconf 83' lang='lat' dir='ltr'>tura</span> <span class='ocrx_word' id='word_1_42' title='bbox 269 948 423 1008; x_wconf 87' lang='lat' dir='ltr'>tribuenda</span> <span class='ocrx_word' id='word_1_43' title='bbox 445 953 490 1009; x_wconf 85' lang='lat' dir='ltr'>est</span> <span class='ocrx_word' id='word_1_44' title='bbox 510 953 574 1008; x_wconf 86' lang='lat' dir='ltr'>tum</span> <span class='ocrx_word' id='word_1_45' title='bbox 597 949 749 1026; x_wconf 83' lang='lat' dir='ltr'>imperitiae</span> <span class='ocrx_word' id='word_1_46' title='bbox 764 955 828 1008; x_wconf 90' lang='lat' dir='ltr'>tum</span> <span class='ocrx_word' id='word_1_47' title='bbox 849 948 1033 1025; x_wconf 77' lang='lat' dir='ltr'>imperfectae</span> <span class='ocrx_word' id='word_1_48' title='bbox 1048 946 1139 1006; x_wconf 83' lang='lat' dir='ltr'>direc-</span> 
     </span>
     <span class='ocr_line' id='line_1_7' title="bbox 181 1048 1137 1127; baseline -0.002 -19"><span class='ocrx_word' id='word_1_49' title='bbox 181 1048 324 1108; x_wconf 85' lang='lat' dir='ltr'>tioni—et</span> <span class='ocrx_word' id='word_1_50' title='bbox 337 1050 406 1108; x_wconf 86' lang='lat' dir='ltr'>huie</span> <span class='ocrx_word' id='word_1_51' title='bbox 430 1051 567 1122; x_wconf 85' lang='lat' dir='ltr'>maxime,</span> <span class='ocrx_word' id='word_1_52' title='bbox 593 1050 732 1127; x_wconf 87' lang='lat' dir='ltr'>quoniam</span> <span class='ocrx_word' id='word_1_53' title='bbox 748 1050 889 1126; x_wconf 81' lang='lat' dir='ltr'>magister</span> <span class='ocrx_word' id='word_1_54' title='bbox 902 1049 1037 1126; x_wconf 80' lang='lat' dir='ltr'>suscepit</span> <span class='ocrx_word' id='word_1_55' title='bbox 1050 1048 1137 1108; x_wconf 82' lang='lat' dir='ltr'>direc-</span> 
     </span>
     <span class='ocr_line' id='line_1_8' title="bbox 182 1149 1137 1230; baseline -0.003 -20"><span class='ocrx_word' id='word_1_56' title='bbox 182 1150 298 1223; x_wconf 85' lang='lat' dir='ltr'>tionem,</span> <span class='ocrx_word' id='word_1_57' title='bbox 310 1156 446 1211; x_wconf 85' lang='lat' dir='ltr'>ettamen</span> <span class='ocrx_word' id='word_1_58' title='bbox 456 1152 624 1230; x_wconf 83' lang='lat' dir='ltr'>imperfecte</span> <span class='ocrx_word' id='word_1_59' title='bbox 634 1152 752 1212; x_wconf 87' lang='lat' dir='ltr'>direxit.</span> <span class='ocrx_word' id='word_1_60' title='bbox 793 1153 834 1210; x_wconf 87' lang='lat' dir='ltr'>Et</span> <span class='ocrx_word' id='word_1_61' title='bbox 844 1152 907 1210; x_wconf 86' lang='lat' dir='ltr'>haeo</span> <span class='ocrx_word' id='word_1_62' title='bbox 916 1160 962 1210; x_wconf 90' lang='lat' dir='ltr'>est</span> <span class='ocrx_word' id='word_1_63' title='bbox 972 1149 1137 1209; x_wconf 85' lang='lat' dir='ltr'>similitudo</span> 
     </span>
     <span class='ocr_line' id='line_1_9' title="bbox 182 1253 1139 1330; baseline -0.002 -20"><span class='ocrx_word' id='word_1_64' title='bbox 182 1271 268 1312; x_wconf 79' lang='lat' dir='ltr'>vera:</span> <span class='ocrx_word' id='word_1_65' title='bbox 292 1253 350 1325; x_wconf 83' lang='lat' dir='ltr'>vid,</span> <span class='ocrx_word' id='word_1_66' title='bbox 376 1273 471 1330; x_wconf 83' lang='lat' dir='ltr'>supra,</span> <span class='ocrx_word' id='word_1_67' title='bbox 497 1274 526 1314; x_wconf 91' lang='lat' dir='ltr'>n.</span> <span class='ocrx_word' id='word_1_68' title='bbox 553 1259 599 1324; x_wconf 87' lang='grc'>61,</span> <span class='ocrx_word' id='word_1_69' title='bbox 626 1259 674 1314; x_wconf 81' lang='grc'>62.</span> <span class='ocrx_word' id='word_1_70' title='bbox 715 1253 788 1312; x_wconf 85' lang='lat' dir='ltr'>Dixi</span> <span class='ocrx_word' id='word_1_71' title='bbox 811 1259 895 1329; x_wconf 87' lang='lat' dir='ltr'>“per</span> <span class='ocrx_word' id='word_1_72' title='bbox 916 1253 1041 1311; x_wconf 89' lang='lat' dir='ltr'>modum</span> <span class='ocrx_word' id='word_1_73' title='bbox 1068 1269 1139 1328; x_wconf 74' lang='lat' dir='ltr'>pra-</span> 
     </span>
     <span class='ocr_line' id='line_1_10' title="bbox 182 1348 1139 1428; baseline -0.003 -20"><span class='ocrx_word' id='word_1_74' title='bbox 182 1349 318 1408; x_wconf 87' lang='lat' dir='ltr'>motionis</span> <span class='ocrx_word' id='word_1_75' title='bbox 345 1350 506 1427; x_wconf 82' lang='lat' dir='ltr'>physioae,”</span> <span class='ocrx_word' id='word_1_76' title='bbox 545 1371 597 1428; x_wconf 87' lang='lat' dir='ltr'>per</span> <span class='ocrx_word' id='word_1_77' title='bbox 629 1351 683 1409; x_wconf 89' lang='lat' dir='ltr'>hoo</span> <span class='ocrx_word' id='word_1_78' title='bbox 717 1349 883 1426; x_wconf 79' lang='lat' dir='ltr'>significans</span> <span class='ocrx_word' id='word_1_79' title='bbox 910 1349 1062 1407; x_wconf 80' lang='lat' dir='ltr'>auxilium</span> <span class='ocrx_word' id='word_1_80' title='bbox 1093 1348 1139 1405; x_wconf 87' lang='lat' dir='ltr'>da·</span> 
     </span>
     <span class='ocr_line' id='line_1_11' title="bbox 182 1446 1137 1528; baseline -0.004 -20"><span class='ocrx_word' id='word_1_81' title='bbox 182 1455 247 1508; x_wconf 89' lang='lat' dir='ltr'>tum</span> <span class='ocrx_word' id='word_1_82' title='bbox 270 1449 306 1509; x_wconf 86' lang='lat' dir='ltr'>ad</span> <span class='ocrx_word' id='word_1_83' title='bbox 328 1451 399 1510; x_wconf 91' lang='lat' dir='ltr'>bene</span> <span class='ocrx_word' id='word_1_84' title='bbox 418 1451 601 1512; x_wconf 85' lang='lat' dir='ltr'>scribendum</span> <span class='ocrx_word' id='word_1_85' title='bbox 621 1449 798 1528; x_wconf 84' lang='lat' dir='ltr'>aequivalens</span> <span class='ocrx_word' id='word_1_86' title='bbox 819 1449 933 1508; x_wconf 86' lang='lat' dir='ltr'>auxilio</span> <span class='ocrx_word' id='word_1_87' title='bbox 954 1446 1137 1526; x_wconf 83' lang='lat' dir='ltr'>praemotioni</span> 
     </span>
     <span class='ocr_line' id='line_1_12' title="bbox 180 1550 1137 1630; baseline -0.003 -20"><span class='ocrx_word' id='word_1_88' title='bbox 180 1551 308 1629; x_wconf 73' lang='lat' dir='ltr'>physica</span> <span class='ocrx_word' id='word_1_89' title='bbox 332 1552 369 1611; x_wconf 86' lang='lat' dir='ltr'>ud</span> <span class='ocrx_word' id='word_1_90' title='bbox 389 1553 462 1612; x_wconf 90' lang='lat' dir='ltr'>bene</span> <span class='ocrx_word' id='word_1_91' title='bbox 485 1555 639 1630; x_wconf 84' lang='lat' dir='ltr'>egendum.</span> <span class='ocrx_word' id='word_1_92' title='bbox 690 1551 798 1612; x_wconf 85' lang='lat' dir='ltr'>Eodem</span> <span class='ocrx_word' id='word_1_93' title='bbox 819 1551 904 1610; x_wconf 93' lang='lat' dir='ltr'>modo</span> <span class='ocrx_word' id='word_1_94' title='bbox 928 1550 1018 1610; x_wconf 81' lang='lat' dir='ltr'>facile</span> <span class='ocrx_word' id='word_1_95' title='bbox 1044 1569 1137 1610; x_wconf 90' lang='lat' dir='ltr'>emen·</span> 
     </span>
     <span class='ocr_line' id='line_1_13' title="bbox 181 1649 1136 1728; baseline -0.003 -19"><span class='ocrx_word' id='word_1_96' title='bbox 181 1651 289 1711; x_wconf 89' lang='lat' dir='ltr'>dantur</span> <span class='ocrx_word' id='word_1_97' title='bbox 311 1652 376 1712; x_wconf 81' lang='lat' dir='ltr'>duae</span> <span class='ocrx_word' id='word_1_98' title='bbox 401 1653 468 1712; x_wconf 82' lang='lat' dir='ltr'>aliae</span> <span class='ocrx_word' id='word_1_99' title='bbox 489 1652 696 1712; x_wconf 82' lang='lat' dir='ltr'>similitudines</span> <span class='ocrx_word' id='word_1_100' title='bbox 718 1650 826 1711; x_wconf 88' lang='lat' dir='ltr'>ibidem</span> <span class='ocrx_word' id='word_1_101' title='bbox 846 1650 953 1724; x_wconf 64' lang='lat' dir='ltr'>allaim,</span> <span class='ocrx_word' id='word_1_102' title='bbox 979 1653 1011 1710; x_wconf 90' lang='lat' dir='ltr'>et</span> <span class='ocrx_word' id='word_1_103' title='bbox 1031 1649 1136 1728; x_wconf 83' lang='lat' dir='ltr'>pariter</span> 
     </span>
     <span class='ocr_line' id='line_1_14' title="bbox 181 1753 302 1814; baseline 0.025 -5"><span class='ocrx_word' id='word_1_104' title='bbox 181 1753 302 1814; x_wconf 67' lang='lat' dir='ltr'>vitiosae.</span> 
     </span>
    </p>

    <p class='ocr_par' dir='ltr' id='par_1_3' title="bbox 179 1850 1134 2728">
     <span class='ocr_line' id='line_1_15' title="bbox 222 1850 1132 1914; baseline -0.004 -3"><span class='ocrx_word' id='word_1_105' title='bbox 222 1858 269 1911; x_wconf 83' lang='lat'>68.</span> <span class='ocrx_word' id='word_1_106' title='bbox 291 1852 396 1912; x_wconf 82' lang='lat' dir='ltr'>Finem</span> <span class='ocrx_word' id='word_1_107' title='bbox 412 1853 516 1913; x_wconf 80' lang='lat' dir='ltr'>faciam</span> <span class='ocrx_word' id='word_1_108' title='bbox 539 1853 625 1912; x_wconf 87' lang='lat' dir='ltr'>aliam</span> <span class='ocrx_word' id='word_1_109' title='bbox 650 1852 828 1914; x_wconf 85' lang='lat' dir='ltr'>emendando</span> <span class='ocrx_word' id='word_1_110' title='bbox 845 1850 1076 1912; x_wconf 87' lang='lat' dir='ltr'>similitudinem</span> <span class='ocrx_word' id='word_1_111' title='bbox 1100 1850 1132 1909; x_wconf 85' lang='lat' dir='ltr'>D.</span> 
     </span>
     <span class='ocr_line' id='line_1_16' title="bbox 182 1939 1133 2030; baseline -0.003 -20"><span class='ocrx_word' id='word_1_112' title='bbox 182 1953 325 2024; x_wconf 74' lang='lat' dir='ltr'>divinus,</span> <span class='ocrx_word' id='word_1_113' title='bbox 350 1953 428 2030; x_wconf 89' lang='lat' dir='ltr'>apud</span> <span class='ocrx_word' id='word_1_114' title='bbox 454 1954 578 2013; x_wconf 87' lang='lat' dir='ltr'>eundem</span> <span class='ocrx_word' id='word_1_115' title='bbox 604 1954 764 2026; x_wconf 76' lang='lat' dir='ltr'>Brnnnsar,</span> <span class='ocrx_word' id='word_1_116' title='bbox 788 1972 817 2030; x_wconf 88' lang='lat' dir='ltr'>p.</span> <span class='ocrx_word' id='word_1_117' title='bbox 842 1939 1133 2024; x_wconf 80' lang='lat' dir='ltr'>¹219:—“Siont‚si</span> 
     </span>
     <span class='ocr_line' id='line_1_17' title="bbox 181 2051 1133 2130; baseline -0.002 -20"><span class='ocrx_word' id='word_1_118' title='bbox 181 2052 261 2111; x_wconf 90' lang='lat' dir='ltr'>Deus</span> <span class='ocrx_word' id='word_1_119' title='bbox 284 2053 445 2130; x_wconf 90' lang='lat' dir='ltr'>imponeret</span> <span class='ocrx_word' id='word_1_120' title='bbox 464 2053 576 2112; x_wconf 89' lang='lat' dir='ltr'>homini</span> <span class='ocrx_word' id='word_1_121' title='bbox 598 2057 776 2130; x_wconf 83' lang='lat' dir='ltr'>praereptum</span> <span class='ocrx_word' id='word_1_122' title='bbox 796 2051 923 2122; x_wconf 85' lang='lat' dir='ltr'>volandi,</span> <span class='ocrx_word' id='word_1_123' title='bbox 946 2054 979 2111; x_wconf 86' lang='lat' dir='ltr'>et</span> <span class='ocrx_word' id='word_1_124' title='bbox 993 2057 1133 2130; x_wconf 82' lang='lat' dir='ltr'>quantum</span> 
     </span>
     <span class='ocr_line' id='line_1_18' title="bbox 181 2151 1133 2232; baseline -0.001 -23"><span class='ocrx_word' id='word_1_125' title='bbox 181 2155 225 2210; x_wconf 87' lang='lat' dir='ltr'>eet</span> <span class='ocrx_word' id='word_1_126' title='bbox 238 2171 276 2210; x_wconf 86' lang='lat' dir='ltr'>ex</span> <span class='ocrx_word' id='word_1_127' title='bbox 289 2156 370 2229; x_wconf 84' lang='lat' dir='ltr'>perte</span> <span class='ocrx_word' id='word_1_128' title='bbox 383 2173 435 2212; x_wconf 87' lang='lat' dir='ltr'>sua</span> <span class='ocrx_word' id='word_1_129' title='bbox 449 2153 564 2212; x_wconf 85' lang='lat' dir='ltr'>offerret</span> <span class='ocrx_word' id='word_1_130' title='bbox 576 2153 623 2211; x_wconf 88' lang='lat' dir='ltr'>illi</span> <span class='ocrx_word' id='word_1_131' title='bbox 636 2153 739 2213; x_wconf 87' lang='lat' dir='ltr'>alasad</span> <span class='ocrx_word' id='word_1_132' title='bbox 749 2153 928 2232; x_wconf 83' lang='lat' dir='ltr'>adjutorium</span> <span class='ocrx_word' id='word_1_133' title='bbox 942 2151 1133 2212; x_wconf 84' lang='lat' dir='ltr'>neeessariam</span> 
     </span>
     <span class='ocr_line' id='line_1_19' title="bbox 180 2250 1132 2330; baseline 0 -21"><span class='ocrx_word' id='word_1_134' title='bbox 180 2255 215 2310; x_wconf 90' lang='lat' dir='ltr'>ut</span> <span class='ocrx_word' id='word_1_135' title='bbox 228 2251 346 2321; x_wconf 82' lang='lat' dir='ltr'>volaret,</span> <span class='ocrx_word' id='word_1_136' title='bbox 361 2252 423 2328; x_wconf 87' lang='lat' dir='ltr'>ipse</span> <span class='ocrx_word' id='word_1_137' title='bbox 436 2266 534 2312; x_wconf 82' lang='lat' dir='ltr'>autem</span> <span class='ocrx_word' id='word_1_138' title='bbox 547 2273 599 2312; x_wconf 89' lang='lat' dir='ltr'>sua</span> <span class='ocrx_word' id='word_1_139' title='bbox 612 2253 746 2312; x_wconf 84' lang='lat' dir='ltr'>libertate</span> <span class='ocrx_word' id='word_1_140' title='bbox 765 2252 962 2330; x_wconf 84' lang='lat' dir='ltr'>responderet,</span> <span class='ocrx_word' id='word_1_141' title='bbox 982 2256 990 2284; x_wconf 88' lang='lat'>‘</span> <span class='ocrx_word' id='word_1_142' title='bbox 1002 2250 1132 2320; x_wconf 80' lang='lat' dir='ltr'>Domine,</span> 
     </span>
     <span class='ocr_line' id='line_1_20' title="bbox 180 2351 1134 2429; baseline -0.005 -17"><span class='ocrx_word' id='word_1_143' title='bbox 180 2369 233 2412; x_wconf 86' lang='lat' dir='ltr'>neo</span> <span class='ocrx_word' id='word_1_144' title='bbox 254 2353 319 2410; x_wconf 81' lang='lat' dir='ltr'>volo</span> <span class='ocrx_word' id='word_1_145' title='bbox 343 2352 404 2410; x_wconf 88' lang='lat' dir='ltr'>alas</span> <span class='ocrx_word' id='word_1_146' title='bbox 426 2352 561 2429; x_wconf 83' lang='lat' dir='ltr'>recipere,</span> <span class='ocrx_word' id='word_1_147' title='bbox 587 2371 640 2412; x_wconf 88' lang='lat' dir='ltr'>neo</span> <span class='ocrx_word' id='word_1_148' title='bbox 660 2352 758 2412; x_wconf 84' lang='lat' dir='ltr'>volure</span> <span class='ocrx_word' id='word_1_149' title='bbox 775 2353 792 2423; x_wconf 82' lang='lat'>;&#39;</span> <span class='ocrx_word' id='word_1_150' title='bbox 821 2351 926 2411; x_wconf 91' lang='lat' dir='ltr'>merito</span> <span class='ocrx_word' id='word_1_151' title='bbox 949 2357 1134 2428; x_wconf 85' lang='lat' dir='ltr'>reputaretur</span> 
     </span>
     <span class='ocr_line' id='line_1_21' title="bbox 179 2450 1133 2530; baseline 0 -22"><span class='ocrx_word' id='word_1_152' title='bbox 179 2469 246 2509; x_wconf 79' lang='lat' dir='ltr'>reus</span> <span class='ocrx_word' id='word_1_153' title='bbox 259 2456 289 2511; x_wconf 90' lang='lat' dir='ltr'>et</span> <span class='ocrx_word' id='word_1_154' title='bbox 302 2457 492 2528; x_wconf 80' lang='lat' dir='ltr'>transgressor</span> <span class='ocrx_word' id='word_1_155' title='bbox 505 2451 642 2530; x_wconf 76' lang='lat' dir='ltr'>praecepti</span> <span class='ocrx_word' id='word_1_156' title='bbox 653 2451 766 2512; x_wconf 84' lang='lat' dir='ltr'>etiamsi</span> <span class='ocrx_word' id='word_1_157' title='bbox 778 2471 837 2510; x_wconf 89' lang='lat' dir='ltr'>non</span> <span class='ocrx_word' id='word_1_158' title='bbox 850 2455 950 2528; x_wconf 84' lang='lat' dir='ltr'>posset</span> <span class='ocrx_word' id='word_1_159' title='bbox 964 2453 1076 2530; x_wconf 82' lang='lat' dir='ltr'>absque</span> <span class='ocrx_word' id='word_1_160' title='bbox 1084 2450 1133 2509; x_wconf 82' lang='lat' dir='ltr'>aiis</span> 
     </span>
     <span class='ocr_line' id='line_1_22' title="bbox 179 2551 1131 2635; baseline 0 -27"><span class='ocrx_word' id='word_1_161' title='bbox 179 2551 285 2625; x_wconf 80' lang='lat' dir='ltr'>volare,</span> <span class='ocrx_word' id='word_1_162' title='bbox 302 2551 370 2628; x_wconf 90' lang='lat' dir='ltr'>quia</span> <span class='ocrx_word' id='word_1_163' title='bbox 393 2571 444 2610; x_wconf 87' lang='lat' dir='ltr'>sua</span> <span class='ocrx_word' id='word_1_164' title='bbox 469 2552 554 2629; x_wconf 87' lang='lat' dir='ltr'>eulpa</span> <span class='ocrx_word' id='word_1_165' title='bbox 576 2567 608 2612; x_wconf 85' lang='lat' dir='ltr'>se</span> <span class='ocrx_word' id='word_1_166' title='bbox 630 2551 785 2628; x_wconf 78' lang='lat' dir='ltr'>impedivit</span> <span class='ocrx_word' id='word_1_167' title='bbox 807 2570 844 2635; x_wconf 86' lang='lat' dir='ltr'>ne</span> <span class='ocrx_word' id='word_1_168' title='bbox 864 2551 909 2609; x_wconf 90' lang='lat' dir='ltr'>illi</span> <span class='ocrx_word' id='word_1_169' title='bbox 924 2551 1131 2610; x_wconf 87' lang='lat' dir='ltr'>donarenturo</span> 
     </span>
     <span class='ocr_line' id='line_1_23' title="bbox 179 2648 1133 2728; baseline -0.001 -20"><span class='ocrx_word' id='word_1_170' title='bbox 179 2649 273 2709; x_wconf 87' lang='lat' dir='ltr'>Deo.&#39;&#39;</span> <span class='ocrx_word' id='word_1_171' title='bbox 315 2650 394 2710; x_wconf 92' lang='lat' dir='ltr'>Huio</span> <span class='ocrx_word' id='word_1_172' title='bbox 409 2651 493 2710; x_wconf 80' lang='lat' dir='ltr'>facile</span> <span class='ocrx_word' id='word_1_173' title='bbox 512 2671 550 2710; x_wconf 81' lang='lat' dir='ltr'>ex</span> <span class='ocrx_word' id='word_1_174' title='bbox 564 2651 725 2728; x_wconf 84' lang='lat' dir='ltr'>jamdictis</span> <span class='ocrx_word' id='word_1_175' title='bbox 745 2651 945 2728; x_wconf 87' lang='lat' dir='ltr'>respondetur,</span> <span class='ocrx_word' id='word_1_176' title='bbox 962 2651 1063 2727; x_wconf 89' lang='lat' dir='ltr'>ipsum</span> <span class='ocrx_word' id='word_1_177' title='bbox 1077 2648 1133 2709; x_wconf 73' lang='lat' dir='ltr'>rut</span> 
     </span>
    </p>

    <p class='ocr_par' dir='ltr' id='par_1_4' title="bbox 139 2751 1132 2926">
     <span class='ocr_line' id='line_1_24' title="bbox 139 2751 1132 2828; baseline 0 -21"><span class='ocrx_word' id='word_1_178' title='bbox 139 2761 141 2768; x_wconf 88' lang='lat'>&#39;</span> <span class='ocrx_word' id='word_1_179' title='bbox 179 2751 304 2825; x_wconf 81' lang='lat' dir='ltr'>recipere</span> <span class='ocrx_word' id='word_1_180' title='bbox 318 2751 377 2809; x_wconf 89' lang='lat' dir='ltr'>alas</span> <span class='ocrx_word' id='word_1_181' title='bbox 387 2755 417 2809; x_wconf 89' lang='lat' dir='ltr'>et</span> <span class='ocrx_word' id='word_1_182' title='bbox 427 2751 523 2810; x_wconf 82' lang='lat' dir='ltr'>volare</span> <span class='ocrx_word' id='word_1_183' title='bbox 534 2752 637 2811; x_wconf 85' lang='lat' dir='ltr'>debere</span> <span class='ocrx_word' id='word_1_184' title='bbox 645 2751 745 2811; x_wconf 77' lang='lat' dir='ltr'>haberi</span> <span class='ocrx_word' id='word_1_185' title='bbox 755 2770 773 2810; x_wconf 86' lang='lat' dir='ltr'>a</span> <span class='ocrx_word' id='word_1_186' title='bbox 782 2751 844 2810; x_wconf 91' lang='lat' dir='ltr'>Deo</span> <span class='ocrx_word' id='word_1_187' title='bbox 854 2769 906 2828; x_wconf 87' lang='lat' dir='ltr'>per</span> <span class='ocrx_word' id='word_1_188' title='bbox 914 2753 1132 2827; x_wconf 70' lang='lat' dir='ltr'>premotionem</span> 
     </span>
     <span class='ocr_line' id='line_1_25' title="bbox 179 2848 339 2926; baseline 0.013 -19"><span class='ocrx_word' id='word_1_189' title='bbox 179 2848 339 2926; x_wconf 80' lang='lat' dir='ltr'>physicam.</span> 
     </span>
    </p>

    <p class='ocr_par' dir='ltr' id='par_1_5' title="bbox 169 2935 1195 3724">
     <span class='ocr_line' id='line_1_26' title="bbox 219 2935 1195 3028; baseline 0.002 -22"><span class='ocrx_word' id='word_1_190' title='bbox 219 2953 266 3008; x_wconf 84' lang='lat'>69.</span> <span class='ocrx_word' id='word_1_191' title='bbox 288 2949 420 3009; x_wconf 83' lang='lat' dir='ltr'>Nota10.</span> <span class='ocrx_word' id='word_1_192' title='bbox 442 2950 582 3026; x_wconf 85' lang='lat' dir='ltr'>Theologi</span> <span class='ocrx_word' id='word_1_193' title='bbox 596 2950 647 3028; x_wconf 91' lang='lat' dir='ltr'>qui</span> <span class='ocrx_word' id='word_1_194' title='bbox 666 2949 804 3028; x_wconf 79' lang='lat' dir='ltr'>rejiciunt</span> <span class='ocrx_word' id='word_1_195' title='bbox 822 2949 878 3009; x_wconf 88' lang='lat' dir='ltr'>hoo</span> <span class='ocrx_word' id='word_1_196' title='bbox 891 2953 1023 3028; x_wconf 84' lang='lat' dir='ltr'>systema</span> <span class='ocrx_word' id='word_1_197' title='bbox 1036 2953 1131 3010; x_wconf 83' lang='lat' dir='ltr'>eontra</span> <span class='ocrx_word' id='word_1_198' title='bbox 1194 2935 1195 2938; x_wconf 22' lang='lat'>¹</span> 
     </span>
     <span class='ocr_line' id='line_1_27' title="bbox 178 3048 1195 3138; baseline -0.001 -30"><span class='ocrx_word' id='word_1_199' title='bbox 178 3048 254 3108; x_wconf 88' lang='lat' dir='ltr'>illud</span> <span class='ocrx_word' id='word_1_200' title='bbox 287 3049 446 3110; x_wconf 86' lang='lat' dir='ltr'>oonfieiunt</span> <span class='ocrx_word' id='word_1_201' title='bbox 474 3057 677 3127; x_wconf 84' lang='lat' dir='ltr'>argumentum</span> <span class='ocrx_word' id='word_1_202' title='bbox 707 3071 745 3111; x_wconf 86' lang='lat' dir='ltr'>ex</span> <span class='ocrx_word' id='word_1_203' title='bbox 776 3051 856 3112; x_wconf 85' lang='lat' dir='ltr'>Trid.</span> <span class='ocrx_word' id='word_1_204' title='bbox 878 3071 944 3128; x_wconf 87' lang='lat' dir='ltr'>sess.</span> <span class='ocrx_word' id='word_1_205' title='bbox 969 3057 997 3125; x_wconf 88' lang='lat'>6,</span> <span class='ocrx_word' id='word_1_206' title='bbox 1022 3071 1086 3123; x_wconf 86' lang='lat' dir='ltr'>ean,</span> <span class='ocrx_word' id='word_1_207' title='bbox 1107 3055 1130 3109; x_wconf 79' lang='lat'>4.</span> <span class='ocrx_word' id='word_1_208' title='bbox 1194 3097 1195 3138; x_wconf 60' lang='lat'>3</span> 
     </span>
     <span class='ocr_line' id='line_1_28' title="bbox 177 3139 1195 3228; baseline 0.002 -21"><span class='ocrx_word' id='word_1_209' title='bbox 177 3152 391 3225; x_wconf 80' lang='lat' dir='ltr'>Argumentum</span> <span class='ocrx_word' id='word_1_210' title='bbox 405 3149 481 3208; x_wconf 91' lang='lat' dir='ltr'>illud</span> <span class='ocrx_word' id='word_1_211' title='bbox 495 3171 584 3226; x_wconf 83' lang='lat' dir='ltr'>grave</span> <span class='ocrx_word' id='word_1_212' title='bbox 604 3171 665 3210; x_wconf 86' lang='lat' dir='ltr'>esse</span> <span class='ocrx_word' id='word_1_213' title='bbox 685 3170 795 3224; x_wconf 83' lang='lat' dir='ltr'>censeo,</span> <span class='ocrx_word' id='word_1_214' title='bbox 812 3161 841 3210; x_wconf 89' lang='lat' dir='ltr'>et</span> <span class='ocrx_word' id='word_1_215' title='bbox 853 3170 1044 3228; x_wconf 87' lang='lat' dir='ltr'>nequaquam</span> <span class='ocrx_word' id='word_1_216' title='bbox 1058 3152 1129 3212; x_wconf 84' lang='lat' dir='ltr'>claro</span> <span class='ocrx_word' id='word_1_217' title='bbox 1194 3139 1195 3155; x_wconf 48' lang='lat'>³</span> 
     </span>
     <span class='ocr_line' id='line_1_29' title="bbox 177 3249 1129 3323; baseline -0.001 -15"><span class='ocrx_word' id='word_1_218' title='bbox 177 3251 307 3310; x_wconf 86' lang='lat' dir='ltr'>solutum</span> <span class='ocrx_word' id='word_1_219' title='bbox 321 3269 338 3308; x_wconf 83' lang='lat' dir='ltr'>a</span> <span class='ocrx_word' id='word_1_220' title='bbox 352 3249 519 3308; x_wconf 82' lang='lat' dir='ltr'>Themistis.</span> <span class='ocrx_word' id='word_1_221' title='bbox 561 3250 617 3309; x_wconf 80' lang='lat' dir='ltr'>Sed</span> <span class='ocrx_word' id='word_1_222' title='bbox 632 3254 732 3309; x_wconf 90' lang='lat' dir='ltr'>utrum</span> <span class='ocrx_word' id='word_1_223' title='bbox 753 3250 810 3309; x_wconf 85' lang='lat' dir='ltr'>tale</span> <span class='ocrx_word' id='word_1_224' title='bbox 824 3251 863 3309; x_wconf 82' lang='lat' dir='ltr'>sit</span> <span class='ocrx_word' id='word_1_225' title='bbox 876 3269 913 3308; x_wconf 89' lang='lat' dir='ltr'>an</span> <span class='ocrx_word' id='word_1_226' title='bbox 927 3269 996 3323; x_wconf 90' lang='lat' dir='ltr'>non,</span> <span class='ocrx_word' id='word_1_227' title='bbox 1021 3254 1129 3310; x_wconf 87' lang='lat' dir='ltr'>eertum</span> 
     </span>
     <span class='ocr_line' id='line_1_30' title="bbox 177 3349 1126 3426; baseline -0.001 -18"><span class='ocrx_word' id='word_1_228' title='bbox 177 3355 222 3410; x_wconf 88' lang='lat' dir='ltr'>est</span> <span class='ocrx_word' id='word_1_229' title='bbox 248 3351 302 3409; x_wconf 88' lang='lat' dir='ltr'>hoo</span> <span class='ocrx_word' id='word_1_230' title='bbox 326 3353 453 3426; x_wconf 76' lang='lat' dir='ltr'>systema</span> <span class='ocrx_word' id='word_1_231' title='bbox 475 3350 642 3408; x_wconf 90' lang='lat' dir='ltr'>nullomodo</span> <span class='ocrx_word' id='word_1_232' title='bbox 669 3350 802 3408; x_wconf 76' lang='lat' dir='ltr'>damnari</span> <span class='ocrx_word' id='word_1_233' title='bbox 831 3349 923 3409; x_wconf 86' lang='lat' dir='ltr'>verbis</span> <span class='ocrx_word' id='word_1_234' title='bbox 952 3349 1126 3410; x_wconf 85' lang='lat' dir='ltr'>Tridentini.</span> 
     </span>
     <span class='ocr_line' id='line_1_31' title="bbox 177 3448 1125 3528; baseline 0.002 -21"><span class='ocrx_word' id='word_1_235' title='bbox 177 3448 255 3508; x_wconf 78' lang='lat' dir='ltr'>Trid.</span> <span class='ocrx_word' id='word_1_236' title='bbox 271 3449 348 3508; x_wconf 90' lang='lat' dir='ltr'>enim</span> <span class='ocrx_word' id='word_1_237' title='bbox 363 3451 481 3509; x_wconf 86' lang='lat' dir='ltr'>damnat</span> <span class='ocrx_word' id='word_1_238' title='bbox 501 3453 617 3509; x_wconf 88' lang='lat' dir='ltr'>tantum</span> <span class='ocrx_word' id='word_1_239' title='bbox 639 3450 801 3510; x_wconf 84' lang='lat' dir='ltr'>doctrinam</span> <span class='ocrx_word' id='word_1_240' title='bbox 814 3469 879 3528; x_wconf 86' lang='lat' dir='ltr'>quae</span> <span class='ocrx_word' id='word_1_241' title='bbox 900 3449 1026 3509; x_wconf 83' lang='lat' dir='ltr'>affirmat</span> <span class='ocrx_word' id='word_1_242' title='bbox 1039 3449 1125 3509; x_wconf 90' lang='lat' dir='ltr'>homi·</span> 
     </span>
     <span class='ocr_line' id='line_1_32' title="bbox 175 3551 1122 3629; baseline 0.001 -21"><span class='ocrx_word' id='word_1_243' title='bbox 175 3569 242 3610; x_wconf 89' lang='lat' dir='ltr'>nem</span> <span class='ocrx_word' id='word_1_244' title='bbox 256 3571 314 3610; x_wconf 91' lang='lat' dir='ltr'>non</span> <span class='ocrx_word' id='word_1_245' title='bbox 327 3551 417 3610; x_wconf 90' lang='lat' dir='ltr'>libere</span> <span class='ocrx_word' id='word_1_246' title='bbox 431 3552 479 3610; x_wconf 88' lang='lat' dir='ltr'>sed</span> <span class='ocrx_word' id='word_1_247' title='bbox 494 3553 652 3611; x_wconf 80' lang='lat' dir='ltr'>necessario</span> <span class='ocrx_word' id='word_1_248' title='bbox 667 3571 749 3627; x_wconf 80' lang='lat' dir='ltr'>agere</span> <span class='ocrx_word' id='word_1_249' title='bbox 770 3551 882 3629; x_wconf 82' lang='lat' dir='ltr'>quoties</span> <span class='ocrx_word' id='word_1_250' title='bbox 892 3551 955 3626; x_wconf 82' lang='lat' dir='ltr'>agit</span> <span class='ocrx_word' id='word_1_251' title='bbox 969 3570 1007 3611; x_wconf 87' lang='lat' dir='ltr'>ex</span> <span class='ocrx_word' id='word_1_252' title='bbox 1023 3551 1122 3628; x_wconf 85' lang='lat' dir='ltr'>gratia.</span> 
     </span>
     <span class='ocr_line' id='line_1_33' title="bbox 169 3642 1120 3724; baseline 0.002 -14"><span class='ocrx_word' id='word_1_253' title='bbox 169 3642 240 3711; x_wconf 81' lang='lat' dir='ltr'>¹Duo</span> <span class='ocrx_word' id='word_1_254' title='bbox 264 3656 360 3712; x_wconf 85' lang='lat' dir='ltr'>autem</span> <span class='ocrx_word' id='word_1_255' title='bbox 394 3653 538 3713; x_wconf 85' lang='lat' dir='ltr'>affirmant</span> <span class='ocrx_word' id='word_1_256' title='bbox 569 3652 742 3713; x_wconf 71' lang='lat' dir='ltr'>Themista:</span> <span class='ocrx_word' id='word_1_257' title='bbox 778 3657 814 3724; x_wconf 84' lang='lat'>1⁰,</span> <span class='ocrx_word' id='word_1_258' title='bbox 838 3652 985 3712; x_wconf 89' lang='lat' dir='ltr'>hominem</span> <span class='ocrx_word' id='word_1_259' title='bbox 1009 3652 1120 3712; x_wconf 86' lang='lat' dir='ltr'>omnino</span> 
     </span>
    </p>
   </div>
   <div class='ocr_carea' id='block_1_3' title="bbox 0 0 1210 4318">
    <p class='ocr_par' dir='ltr' id='par_1_6' title="bbox 0 0 1210 4318">
     <span class='ocr_line' id='line_1_34' title="bbox 0 0 1210 4318; baseline 0 1"><span class='ocrx_word' id='word_1_260' title='bbox 0 0 1210 4318; x_wconf 95' lang='lat' dir='ltr'> </span> 
     </span>
    </p>
   </div>
  </div>
 </body>
</html>
