2402 4292
119 379 205 430 mse.
221 358 311 452 vna]
358 359 537 432 Concordia
556 360 682 434 Gratia
696 374 729 434 et
740 361 933 434 Libertatis.
1006 383 1068 452 275

117 534 227 590 natura
253 533 397 593 antecedit
423 533 570 594 influxum
596 536 681 596 liberi
709 535 842 597 arbitrii:
873 537 945 614 quin
971 534 1070 612 potius

117 632 240 708 perinde
253 633 285 691 hi
299 633 356 692 duo
369 633 509 708 influxus,
524 654 665 694 unacum
679 655 820 696 concursu
839 635 1070 713 universalique

114 733 200 792 Deus
213 733 312 794 influit
325 735 413 795 etiam
427 735 459 794 in
473 737 598 796 eundem
619 740 725 810 aetum,
749 741 817 797 sunt
830 737 927 810 simul,
950 740 1039 814 etque
1052 755 1070 796 a

113 851 148 892 sa
162 836 264 894 mutuo
277 834 412 914 pendent,
427 834 628 913 uniunturque
642 838 673 896 in
686 837 807 897 eandem
820 835 1069 914 supernaturalem

118 931 264 992 aetianam
287 933 323 992 ab
345 927 480 994 omnibus
502 934 539 994 iis
561 936 656 995 tribus
683 935 776 996 causis
796 939 936 1013 tanquam
954 936 991 994 ab
1010 953 1070 994 una

116 1031 236 1108 integra
256 1032 405 1107 effeetum3
428 1053 461 1093 aa
478 1034 611 1094 influxus
632 1036 688 1095 Dei
715 1035 859 1112 generalis
886 1041 916 1095 et
937 1033 1071 1094 influxus

116 1115 215 1192 eausa
229 1133 361 1192 secundae
374 1132 407 1192 in
420 1151 518 1194 rerum
527 1139 633 1194 natura
646 1133 735 1194 simul
750 1138 901 1213 ponuntur
913 1153 946 1194 ae
959 1134 1069 1194 tollun-

115 1233 178 1301 tur,
206 1234 236 1291 et
258 1251 276 1291 a
303 1251 333 1292 se
359 1236 463 1292 mutuo
489 1235 627 1310 pandant,
662 1234 865 1311 uniunturqua
891 1236 924 1293 in
950 1233 1071 1294 eandem

108 1329 258 1390 actionem
285 1335 315 1391 et
342 1331 478 1394 effaetum
504 1333 669 1394 naturalem
689 1333 724 1392 ab
745 1336 869 1410 utraque
891 1351 978 1393 eausa
1004 1351 1070 1410 pro·

111 1431 267 1492 duatnm.’'
305 1482 308 1488 .

154 1537 204 1593 98.
225 1534 272 1593 En
292 1534 440 1612 praeaipua
460 1534 626 1614 systematis
646 1535 815 1596 Moliniauae
837 1534 932 1613 eapita
952 1534 985 1594 in
998 1531 1070 1611 ipsis

109 1633 239 1692 auctoris
247 1635 343 1694 verbis
356 1635 417 1695 fera
430 1639 493 1696 tota
506 1637 656 1696 declarata.
687 1636 762 1696 Duae
773 1655 841 1696 vero
852 1639 922 1694 suut
932 1633 1070 1694 doetrinae

107 1750 178 1809 quae
188 1731 221 1791 in
230 1733 333 1810 quovis
342 1740 497 1812 systemate
509 1739 592 1796 sartae
602 1739 687 1796 teetoe
697 1736 845 1796 servandae
855 1738 933 1796 sunt.
968 1733 1071 1792 Altera

109 1834 157 1888 est
172 1849 238 1906 qua
252 1831 376 1891 affirmat
389 1831 536 1891 hominem
556 1833 610 1891 sub
630 1831 748 1891 influxu
761 1831 862 1908 gratia
876 1849 946 1890 vera
960 1845 1071 1905 semper

106 1929 247 1989 libertate
265 1931 410 2007 gaudere:
434 1932 527 1992 altera
540 1932 664 1991 affirmat
684 1933 779 1991 Deum
793 1947 1007 2009 quemeumque
1020 1929 1072 1988 ab·

108 2028 208 2088 solute
224 2029 290 2088 vult
310 2029 446 2090 effaetum
466 2049 517 2108 per
538 2031 670 2108 gratiam,
692 2037 828 2090 manente
847 2031 905 2089 ista
923 2029 1068 2101 libertate,

107 2127 309 2188 infallibiliter
332 2130 490 2206 producere
510 2147 602 2208 possa.
654 2130 855 2210 Thpmismum
876 2133 907 2188 et
927 2125 1070 2203 Augusti·

108 2227 292 2288 nianismum
304 2230 373 2288 huia
387 2230 605 2307 omnipotentiae
615 2229 722 2289 divinae
732 2230 802 2290 satis
816 2229 965 2289 consulere
978 2227 1070 2286 mani·

109 2328 222 2388 festum
235 2331 280 2387 est
289 2349 297 2400 ;
318 2329 384 2388 istis
397 2333 495 2390 autem
516 2329 727 2408 systematibus‚
749 2334 784 2388 ut
805 2347 893 2404 supra
905 2327 1003 2387 visum
1016 2328 1069 2398 est,

109 2427 188 2487 vitio
211 2427 340 2488 vertitur
361 2429 439 2506 quod
460 2448 519 2488 uon
532 2429 602 2488 satis
616 2427 746 2488 libertati
759 2428 894 2486 humana
908 2424 1070 2486 consulant.

111 2527 139 2586 Ε
155 2527 297 2586 contrario
312 2527 531 2588 Molinianismo
545 2527 737 2606 objiciebatur
750 2527 828 2604 quod
841 2525 934 2585 libero
948 2523 1070 2584 arbitrio

110 2625 239 2686 nimium
252 2627 400 2700 tribuerit,
416 2629 487 2688 adeo
500 2630 536 2687 ut
549 2647 566 2687 a
581 2626 755 2704 quibusdam
773 2629 843 2684 nota
863 2622 1068 2700 Semipalagia·

111 2726 203 2786 nismi
224 2727 402 2788 afficeretur:
434 2747 523 2805 quam
546 2731 643 2788 tamen
675 2726 876 2805 objectionem,
899 2743 937 2785 ex
960 2722 1070 2784 notatis

113 2843 212 2901 supra,
228 2844 257 2884 n.
273 2830 321 2898 95,
337 2825 493 2886 manifesto
506 2845 619 2898 vanam,
634 2816 776 2898 nemo,‘ut
788 2833 870 2902 puto,
885 2821 970 2882 hodie
982 2828 1069 2898 urge-

112 2928 169 2984 ret.
212 2925 319 3002 Majori
341 2926 405 2986 veri
430 2925 524 3003 speeie
546 2925 620 2985 huia
636 2924 786 3003 systemati
799 2923 936 3002 objicitur
948 2921 1026 3000 quod
1038 2921 1070 2980 in

113 3045 149 3084 eo
163 3025 288 3086 laedatur
302 3026 514 3104 omnipotentia
532 3027 588 3085 Dei
601 3029 631 3085 et
643 3022 809 3083 infallibilis
830 3019 955 3080 efficacia
969 3017 1071 3095 gratiae
1121 3080 1123 3086 ,

113 3125 152 3184 ad
165 3123 302 3186 effectum
316 3127 528 3203 assequendum
550 3126 590 3202 (v.
605 3144 633 3201 g.
646 3123 860 3184 conversionem
874 3118 968 3196 Petri)
982 3136 1072 3194 quem

113 3220 196 3280 Deus
209 3222 362 3283 efficaciter
374 3225 450 3283 vult.
492 3220 636 3288 Quoniam
656 3221 732 3280 enim
753 3216 878 3279 efficacia
897 3214 998 3291 gratia
1013 3233 1072 3273 non

113 3321 150 3378 ab
163 3319 226 3398 ipsa
238 3322 333 3397 gratia
345 3323 453 3400 pendet
465 3321 516 3380 sed
529 3341 546 3380 a
559 3324 656 3380 nostro
669 3319 760 3378 libero
774 3315 901 3388 arbitrio,
918 3313 1069 3391 quomodo,

114 3418 179 3478 fieri
192 3419 287 3497 potest
300 3425 336 3482 ut
350 3422 438 3492 Deus,
450 3420 475 3480 si
484 3419 556 3480 velit
569 3419 701 3479 absolute
714 3416 849 3478 effaetum
863 3413 991 3490 aliquem
1004 3429 1070 3489 pro·

116 3519 229 3592 ducere,
245 3521 332 3582 illum
345 3519 542 3580 infallibiliter
555 3514 716 3597 producet?

154 3624 203 3680 99.
223 3622 305 3683 Huic
320 3617 485 3682 difficultati
494 3617 604 3680 oeeurit
613 3619 739 3679 Momm
752 3610 936 3676 celeberrima
948 3607 1070 3670 distine-
