2410 4318
172 419 233 484 262
538 413 594 480 Dc
611 411 741 479 Gratia.
934 414 1040 501 [nrsr.
1058 435 1133 481 vm.

168 585 267 662 spicue
280 583 374 644 solvat
386 582 595 652 difficultatem,
611 584 645 641 ut
658 600 721 641 eam
734 580 832 659 potins
845 583 999 659 perspicue
1025 585 1138 642 statuat

168 686 198 744 et
210 684 313 744 firmet.
359 684 398 744 10.
420 683 511 742 Aliud
521 685 566 742 est
577 682 724 741 homiuum
733 681 862 758 seipsum
872 681 998 759 propriis
1009 682 1128 743 viribus

166 782 365 855 determinare,
380 782 460 842 eliud
473 801 540 842 vero
552 781 669 842 omnino
683 801 751 840 eum
765 801 782 840 a
796 781 858 840 Deo
873 782 1082 856 determinari,
1097 789 1129 844 et
1201 847 1202 850 Ἴ

165 883 197 944 id
207 882 325 962 quidem
333 881 632 961 predetermiuatioue
643 867 771 960 physica
814 883 856 942 20.
872 881 905 942 Si
918 883 1131 944 homostutuet
1200 853 1202 918 l

165 983 292 1061 seipsum
305 981 496 1044 determinare
507 982 544 1042 ad
553 1001 687 1054 amorem,
699 981 736 1040 ad
747 980 903 1040 eliciendos
912 986 997 1042 uetus
1007 986 1133 1062 amoris,

166 1102 219 1161 per
236 1083 416 1154 semihoram,
439 1085 534 1159 potest
557 1081 681 1156 singulis
698 1081 854 1140 momentis
868 1081 952 1140 illius
967 1083 1130 1144 semihorae

166 1183 434 1246 determinationem
444 1182 577 1261 abjicere,
593 1182 767 1242 inefficacem
780 1181 909 1255 reddere,
920 1202 952 1243 se
965 1186 1128 1245 avertendo

166 1287 202 1346 ab
224 1303 339 1345 umore:
362 1283 574 1344 determinatus
597 1303 615 1342 a
637 1283 699 1342 Deo
719 1282 908 1358 premotione
931 1283 1058 1361 physice
1071 1306 1124 1364 per

167 1388 259 1448 totum
282 1384 365 1444 illam
387 1384 566 1454 semihoram,
591 1403 663 1441 num
684 1381 775 1458 possit
788 1401 839 1459 per
859 1382 891 1442 id
903 1386 1022 1460 tempus
1035 1387 1127 1447 etiam

165 1505 224 1544 uno
237 1489 383 1544 momento
406 1483 456 1542 isti
478 1481 657 1560 praemotioni
680 1482 813 1542 resistere
831 1485 863 1543 et
882 1485 918 1544 ab
933 1504 1032 1546 amore
1046 1506 1124 1547 reoc-

166 1583 256 1644 dere?
296 1583 424 1644 ³⁰.1sta
446 1581 602 1659 explicatio
624 1580 796 1641 contradicit
816 1583 971 1660 systemati
992 1585 1125 1645 Themis·

169 1684 234 1757 tiao,
250 1688 289 1756 et,
304 1687 340 1742 ut
352 1683 395 1743 ita
408 1682 510 1755 diuam,
531 1681 563 1740 in
585 1701 672 1740 seusu
685 1681 842 1758 composito
861 1681 945 1742 illius
959 1687 1124 1761 systematis

166 1783 299 1862 implicat
311 1783 343 1842 iu
358 1781 498 1842 terminis.
539 1781 683 1858 Supponit
702 1782 781 1841 enim
801 1783 964 1860 explicatio
978 1785 1125 1847 hominem
1203 1819 1204 1860 3

166 1884 294 1961 scipsum
325 1881 449 1960 propriis
479 1881 591 1941 viribus
623 1881 774 1940 efficaciter
802 1883 1018 1960 determinare3
1047 1887 1124 1956 dum,
1203 1871 1204 1880 ἵ

166 1987 325 2046 secuudum
340 1984 547 2057 Thomismum‚
569 1984 832 2061 praedetermiuatio
853 1987 978 2064 physica
992 1991 1122 2049 absolute

165 2089 324 2148 necessaria
337 2093 382 2148 est
395 2087 432 2147 ad
441 2105 555 2147 omnem
569 2091 667 2148 actum
680 2085 712 2145 in
721 2087 820 2148 ordine
833 2090 965 2149 naturali
979 2095 1011 2151 et
1024 2111 1122 2170 super-

164 2189 300 2251 naturali.

403 2429 419 2512 5
435 2433 463 2491 3.
487 2427 611 2507 Systcma
624 2427 877 2510 Aequatim'aaum.

205 2590 254 2651 73.
276 2589 406 2651 Vocatur
427 2587 687 2666 Augustiniunum,
710 2587 780 2666 quia
802 2588 866 2666 ejus
889 2593 1121 2668 propugnatores

164 2685 309 2746 affirmant
329 2685 404 2745 illud
429 2705 490 2746 esse
514 2685 607 2762 ipsam
627 2685 789 2746 doctrinam
803 2685 833 2746 S.
848 2687 1022 2762 Augustini,
1045 2689 1120 2766 qnod

162 2788 260 2846 tamen
270 2788 378 2861 negent
389 2787 572 2845 adversantes
580 2784 716 2862 theologi.
745 2785 1115 2863 Inprinoipiofnndamen·

162 2884 216 2944 tuli
229 2885 365 2944 convenit
377 2885 431 2945 hoc
451 2890 577 2962 systema
602 2904 670 2944 cum
692 2884 886 2945 Jansenistiaa
908 2886 1051 2962 doctrine,
1067 2907 1115 2948 ex·

162 2983 243 3043 olnso
257 2983 335 3061 quod
348 2984 380 3042 in
393 2985 447 3043 hae
460 2985 631 3044 haereticum
645 2987 698 3046 est.

203 3083 249 3144 74.
273 3083 314 3142 10.
335 3083 397 3142 Neo
410 3084 518 3158 Angeli
530 3103 583 3144 nec
597 3083 685 3160 primi
696 3083 828 3143 homines
841 3085 872 3143 in
885 3086 966 3145 statu
980 3086 1114 3147 innocen·

160 3182 211 3243 tite
224 3183 319 3259 gratia
331 3181 502 3258 indigebant
515 3184 552 3242 ad
565 3184 742 3260 operandum
752 3185 860 3242 bonum
873 3190 925 3243 ant
935 3186 973 3244 ad
980 3205 1113 3263 perseve-

160 3285 285 3343 randum
309 3283 345 3342 ab
367 3282 651 3346 intrinseooefficeoi.
692 3283 809 3361 Duplex
830 3283 1020 3360 distinguunt
1033 3287 1114 3364 adju·

160 3382 279 3456 torium,
294 3383 419 3442 alterum
430 3382 605 3459 adjutorium
619 3384 679 3442 cine
692 3403 746 3460 quo
758 3403 823 3460 stou,
837 3403 887 3443 seu
901 3385 1026 3460 gratiam
1036 3387 1112 3446 suffi-

160 3481 292 3554 cientem,
308 3483 379 3542 daus
392 3503 475 3561 posse
499 3483 549 3542 sed
571 3503 628 3542 non
650 3484 722 3542 dans
740 3484 840 3555 selle;
860 3484 985 3544 alterum
999 3486 1113 3564 adjuto·

159 3580 238 3640 rium
251 3602 315 3659 quo,
331 3601 383 3642 seu
396 3582 520 3659 gratiam
533 3583 569 3641 ab
583 3582 738 3642 intrinseco
746 3583 896 3658 efficacem,
910 3584 983 3643 dens
993 3590 1114 3663 etposse

160 3680 287 3741 etvelle.
328 3681 396 3741 Non
418 3685 463 3742 est
480 3682 581 3742 datum
604 3681 853 3761 adjutoriumque
877 3683 966 3744 etiam
990 3684 1112 3760 Angelis
