2410 4314
169 417 207 482 16
541 413 598 479 Da
615 410 746 481 Gratia.
799 417 807 499 Ι
962 411 1070 502 [nrsr.
1089 434 1125 478 11.

165 579 272 642 vitium
286 578 365 659 qaod
384 577 551 640 nullomodo
574 579 701 660 pertinet
724 582 776 642 aut
798 578 942 660 pertinere
965 582 1069 658 potest
1090 580 1126 638 ad

166 681 257 742 ullius
270 683 409 742 oreaturoe
422 683 565 740 naturam.
608 680 709 742 Cetera
723 681 809 743 obvia
822 683 898 742 eunt.

215 785 242 842 θ.
275 781 358 849 Quod
379 781 416 841 od
441 779 586 841 defectum
612 781 713 857 gratior
735 781 849 854 attinet,
883 783 977 840 status
1004 784 1124 839 naturae

166 899 246 960 purae
260 901 278 943 a
292 885 370 943 statu
393 881 424 941 in
447 901 505 959 quo
526 900 578 940 nos
601 881 788 942 nascimurin
804 902 837 942 oo
851 881 957 953 differt,
982 879 1066 958 quod
1089 879 1122 937 in

166 980 255 1061 priori
277 985 357 1043 statu
378 981 509 1042 delectus
532 979 587 1041 iste
601 986 677 1042 esset
696 1001 774 1042 mera
787 982 906 1060 repotia,
921 979 954 1039 in
966 979 1127 1057 posteriori

167 1101 235 1144 vero
249 1086 293 1144 eut
300 1082 437 1160 privatio.
479 1082 517 1141 In
530 1081 581 1141 illo
592 1083 685 1160 gratia
695 1087 841 1153 neoeoeet,
856 1102 909 1142 neo
919 1101 980 1142 rose
989 1081 1124 1152 deberet;

166 1181 198 1242 in
210 1182 273 1254 hoo,
289 1181 448 1242 seeundum
471 1181 682 1243 ordinationem
707 1182 772 1254 Dei,
795 1202 856 1244 esse
878 1182 963 1242 debet
977 1183 1008 1240 et
1022 1183 1124 1240 tamon

167 1300 226 1342 non
244 1285 296 1342 eet.
345 1280 484 1359 Theologi
507 1281 699 1343 communiter
726 1283 896 1342 assimulant
918 1280 1071 1340 hominem
1092 1281 1123 1339 in

167 1380 257 1460 priori
280 1385 359 1441 statu
380 1380 468 1455 nudo,
492 1381 543 1459 qui
567 1402 719 1460 nunquam
741 1387 836 1444 vestes
858 1379 971 1454 habuit,
997 1381 1031 1438 in
1054 1400 1124 1458 pos-

168 1479 268 1542 teriori
292 1485 388 1541 autem
410 1481 518 1541 nudato
540 1487 569 1542 et
590 1482 719 1542 vestibus
740 1483 873 1562 spoliato.
915 1483 1071 1542 Batauam.
1088 1481 1125 1540 de

168 1579 268 1642 Gratia
281 1580 374 1641 Primi
397 1580 544 1657 Hominis,
556 1601 580 1643 o.
597 1587 624 1643 5.
666 1583 734 1643 Alia
751 1584 787 1643 ab
809 1581 874 1642 aliis
897 1582 984 1640 datur
1006 1599 1123 1658 eompa-

167 1680 260 1744 ratio:
287 1681 348 1741 “Si
363 1679 475 1742 aulicus
488 1689 606 1760 propter
619 1682 736 1761 eulpam
750 1683 925 1743 excludatur
938 1681 974 1740 ab
989 1681 1068 1755 aula,
1087 1681 1124 1740 ad

167 1801 254 1860 quam
268 1800 306 1842 ex
319 1781 523 1842 benevolentia
536 1781 612 1859 regio
626 1783 722 1844 fuerat
735 1781 886 1856 admissus,
902 1787 946 1842 est
959 1781 1016 1859 ipsi
1030 1801 1125 1858 poena

167 1885 197 1941 et
210 1879 354 1942 exilium:
376 1885 407 1941 at
420 1882 497 1960 quod
512 1882 638 1942 rusticus
659 1883 695 1942 ad
709 1903 773 1943 eam
791 1902 850 1942 non
864 1881 1044 1954 admittatur,
1061 1901 1122 1940 non

167 1984 212 2040 ost
225 1999 316 2059 poena
338 1984 368 2041 et
391 1980 514 2055 miseria,
534 1983 582 2042 red
605 1987 720 2043 tantum
743 1982 872 2044 orrentia
884 1980 953 2042 boni
963 1980 1122 2041 indebiti.''

168 2080 323 2153 Brnnunnr,
340 2079 368 2139 d.
384 2084 412 2153 2,
428 2079 473 2141 ud.
489 2081 600 2160 Objeot.
616 2086 642 2140 3.

217 2179 243 2241 7.
275 2179 378 2240 Statue
402 2183 516 2242 naturae
550 2181 732 2259 amplificata
757 2183 852 2242 varios
885 2180 992 2258 gradus
1013 2179 1123 2241 habere
1193 2205 1194 2250 l

166 2281 270 2358 potest,
286 2279 442 2340 secundum
457 2299 610 2340 numerum
625 2285 655 2341 ot
670 2281 841 2360 qualitatem
855 2281 994 2340 donorum
1007 2279 1124 2340 indebi·
1193 2273 1194 2352 l

166 2384 270 2453 torum,
286 2397 351 2458 quae
364 2381 476 2440 natura
490 2399 571 2460 purte
586 2381 791 2460 adjicerentur.
832 2382 877 2440 De
890 2380 941 2440 illo
956 2379 1015 2440 solo
1026 2381 1123 2456 gradu

165 2478 329 2560 loquuntur
350 2481 487 2561 theologi,
523 2501 589 2559 quoa
620 2482 708 2543 efficit
739 2486 883 2555 naturam,
905 2501 992 2559 quam
1015 2487 1125 2541 vocant

166 2579 309 2660 inteprom.
350 2581 451 2642 Status
473 2580 519 2641 hio
539 2580 616 2640 idem
639 2585 685 2642 est
702 2584 791 2660 atque
812 2581 872 2654 ille,
898 2581 930 2640 in
951 2601 1010 2658 quo
1023 2581 1123 2640 Adam
1193 2587 1194 2660 l

166 2679 224 2740 init
244 2700 338 2760 unque
362 2681 398 2741 ad
422 2681 546 2759 lapsum,
577 2681 695 2759 dempta
719 2680 798 2740 omni
831 2679 933 2758 gratia,
958 2685 988 2740 et
1013 2680 1124 2741 idcireo

166 2780 282 2858 dempto
295 2779 354 2839 line
367 2779 423 2839 isto
438 2780 661 2858 supernaturali,
689 2781 725 2840 ad
747 2801 832 2859 quem
849 2780 945 2858 gratia
958 2780 1123 2841 ordinatur.

160 2879 205 2938 1111
229 2883 308 2938 statu
331 2877 425 2955 igitur
447 2884 559 2938 naturae
581 2878 702 2956 integrae
724 2881 809 2940 homo
827 2880 867 2954 1⁰,
883 2878 1024 2939 immunis
1045 2887 1124 2940 esset

166 2979 202 3038 ub
220 2977 354 3037 omnibus
374 2977 464 3055 hujus
487 2977 555 3037 vita
580 2978 713 3056 miseriis,
730 2981 773 3054 20,
794 2983 869 3041 esset
882 2979 1065 3054 immortalis,
1082 2985 1122 3042 3⁰.

166 3081 277 3138 careret
298 3076 463 3154 ignorantia
494 3082 525 3138 et
558 3078 615 3151 4⁰„
630 3080 871 3158 eoncupiscentia.
923 3079 1046 3146 Quidam
1073 3085 1124 3158 (ut
1140 3147 1145 3166 Ι,

166 3178 315 3238 Sennium
340 3176 368 3235 d.
399 3179 475 3249 1,ιι.
500 3177 553 3256 29)
577 3177 715 3238 videntur
742 3178 978 3240 immortalitatem
1000 3179 1036 3238 ab
1063 3167 1141 3241 hoa'

165 3281 241 3337 statu
257 3275 420 3336 explodere.
460 3276 517 3336 Sed
531 3277 654 3355 quaestio
668 3283 712 3338 aot
727 3279 762 3338 de
775 3279 892 3338 nomine
904 3299 911 3338 ι
927 3297 1028 3356 reapse
1039 3279 1119 3339 euim

165 3382 287 3454 utruque
300 3381 414 3448 notura,
425 3375 555 3435 mortalis
569 3381 599 3436 ot
612 3376 793 3449 immortalis,
812 3383 907 3438 cetera
921 3378 1030 3438 habens
1043 3377 1121 3437 dona

159 3473 222 3553 jam
235 3473 391 3545 nominata,
411 3477 486 3532 osset
510 3474 640 3552 integra;
665 3477 716 3537 oed
729 3487 837 3536 natura
856 3476 1030 3536 immortalis
1044 3483 1121 3536 esset
1193 3523 1194 3526 ,

163 3571 318 3649 perfectius
338 3571 461 3650 integra.
501 3574 569 3637 Vid.
584 3579 680 3637 autom
691 3577 831 3636 Puaaonu
845 3576 880 3635 de
894 3576 954 3636 Deo
974 3577 1068 3636 (lreut.
1087 3596 1118 3634 n.
1193 3559 1194 3652 l

44 3723 47 3732 .
165 3673 234 3745 298,
250 3677 310 3732 not.
