<?xml version="1.0" encoding="UTF-8"?>
<!DOCTYPE html PUBLIC "-//W3C//DTD XHTML 1.0 Transitional//EN"
    "http://www.w3.org/TR/xhtml1/DTD/xhtml1-transitional.dtd">
<html xmlns="http://www.w3.org/1999/xhtml" xml:lang="en" lang="en">
 <head>
  <title>
</title>
<meta http-equiv="Content-Type" content="text/html;charset=utf-8" />
  <meta name='ocr-system' content='tesseract 3.04.00' />
  <meta name='ocr-capabilities' content='ocr_page ocr_carea ocr_par ocr_line ocrx_word'/>
</head>
<body>
  <div class='ocr_page' id='page_1' title='image "./tractatusdegrat00murrgoog_0326.png"; bbox 0 0 2402 4292; ppageno 0'>
   <div class='ocr_carea' id='block_1_1' title="bbox 63 409 1024 506">
    <p class='ocr_par' dir='ltr' id='par_1_1' title="bbox 63 409 1024 506">
     <span class='ocr_line' id='line_1_1' title="bbox 63 409 1024 506; baseline 0.003 -24"><span class='ocrx_word' id='word_1_1' title='bbox 63 433 158 482; x_wconf 78' lang='lat' dir='ltr'><strong>msa.</strong></span> <span class='ocrx_word' id='word_1_2' title='bbox 175 413 238 503; x_wconf 72' lang='grc' dir='ltr'><strong>ιιι]</strong></span> <span class='ocrx_word' id='word_1_3' title='bbox 302 415 358 482; x_wconf 79' lang='lat' dir='ltr'><strong>De</strong></span> <span class='ocrx_word' id='word_1_4' title='bbox 371 411 512 482; x_wconf 79' lang='lat' dir='ltr'><strong>Natura</strong></span> <span class='ocrx_word' id='word_1_5' title='bbox 525 422 558 482; x_wconf 78' lang='lat' dir='ltr'><strong>et</strong></span> <span class='ocrx_word' id='word_1_6' title='bbox 579 409 626 484; x_wconf 79' lang='lat' dir='ltr'><strong>Vi</strong></span> <span class='ocrx_word' id='word_1_7' title='bbox 639 409 733 484; x_wconf 61' lang='lat' dir='ltr'><strong>Gaas.</strong></span> <span class='ocrx_word' id='word_1_8' title='bbox 749 412 865 484; x_wconf 78' lang='lat' dir='ltr'><strong>Habz&#39;l.</strong></span> <span class='ocrx_word' id='word_1_9' title='bbox 965 435 1024 506; x_wconf 85' lang='lat'><strong>311</strong></span> 
     </span>
    </p>
   </div>
   <div class='ocr_carea' id='block_1_2' title="bbox 62 583 1030 2159">
    <p class='ocr_par' dir='ltr' id='par_1_2' title="bbox 62 583 1030 1362">
     <span class='ocr_line' id='line_1_2' title="bbox 62 583 1026 663; baseline 0.002 -20"><span class='ocrx_word' id='word_1_10' title='bbox 62 584 94 644; x_wconf 91' lang='lat'><strong>1..</strong></span> <span class='ocrx_word' id='word_1_11' title='bbox 108 583 137 658; x_wconf 88' lang='grc'><strong>7,</strong></span> <span class='ocrx_word' id='word_1_12' title='bbox 153 602 178 645; x_wconf 88' lang='lat' dir='ltr'><strong>e.</strong></span> <span class='ocrx_word' id='word_1_13' title='bbox 195 586 241 658; x_wconf 87' lang='lat'><strong>18,</strong></span> <span class='ocrx_word' id='word_1_14' title='bbox 257 603 286 645; x_wconf 90' lang='lat' dir='ltr'><strong>n.</strong></span> <span class='ocrx_word' id='word_1_15' title='bbox 303 590 331 645; x_wconf 89' lang='grc'><strong>3.</strong></span> <span class='ocrx_word' id='word_1_16' title='bbox 372 584 434 645; x_wconf 86' lang='lat' dir='ltr'><strong>Neo</strong></span> <span class='ocrx_word' id='word_1_17' title='bbox 448 583 570 662; x_wconf 81' lang='lat' dir='ltr'><strong>qnaestio</strong></span> <span class='ocrx_word' id='word_1_18' title='bbox 591 588 636 645; x_wconf 89' lang='lat' dir='ltr'><strong>est</strong></span> <span class='ocrx_word' id='word_1_19' title='bbox 656 583 697 660; x_wconf 82' lang='lat'><strong>4⁰,</strong></span> <span class='ocrx_word' id='word_1_20' title='bbox 721 605 759 646; x_wconf 87' lang='lat' dir='ltr'><strong>an</strong></span> <span class='ocrx_word' id='word_1_21' title='bbox 782 585 877 663; x_wconf 86' lang='lat' dir='ltr'><strong>gratia</strong></span> <span class='ocrx_word' id='word_1_22' title='bbox 897 585 1026 647; x_wconf 82' lang='lat' dir='ltr'><strong>sanetifi-</strong></span> 
     </span>
     <span class='ocr_line' id='line_1_3' title="bbox 65 683 1028 764; baseline 0.001 -21"><span class='ocrx_word' id='word_1_23' title='bbox 65 703 152 755; x_wconf 84' lang='lat' dir='ltr'><strong>eans,</strong></span> <span class='ocrx_word' id='word_1_24' title='bbox 175 690 211 744; x_wconf 88' lang='lat' dir='ltr'><strong>ut</strong></span> <span class='ocrx_word' id='word_1_25' title='bbox 231 684 273 744; x_wconf 88' lang='lat' dir='ltr'><strong>sio</strong></span> <span class='ocrx_word' id='word_1_26' title='bbox 296 704 348 744; x_wconf 86' lang='lat' dir='ltr'><strong>seu</strong></span> <span class='ocrx_word' id='word_1_27' title='bbox 369 683 589 762; x_wconf 77' lang='lat' dir='ltr'><strong>reduplicativo,</strong></span> <span class='ocrx_word' id='word_1_28' title='bbox 614 687 706 762; x_wconf 81' lang='lat' dir='ltr'>possit</span> <span class='ocrx_word' id='word_1_29' title='bbox 719 686 852 764; x_wconf 89' lang='lat' dir='ltr'><strong>oomponi</strong></span> <span class='ocrx_word' id='word_1_30' title='bbox 866 705 934 746; x_wconf 87' lang='lat' dir='ltr'><strong>oum</strong></span> <span class='ocrx_word' id='word_1_31' title='bbox 949 689 1028 746; x_wconf 84' lang='lat' dir='ltr'><strong>statu</strong></span> 
     </span>
     <span class='ocr_line' id='line_1_4' title="bbox 67 783 1027 863; baseline 0.001 -20"><span class='ocrx_word' id='word_1_32' title='bbox 67 783 207 861; x_wconf 87' lang='lat' dir='ltr'><strong>peooati:</strong></span> <span class='ocrx_word' id='word_1_33' title='bbox 238 784 293 844; x_wconf 91' lang='lat' dir='ltr'><strong>hoo</strong></span> <span class='ocrx_word' id='word_1_34' title='bbox 334 785 413 844; x_wconf 89' lang='lat' dir='ltr'><strong>enim</strong></span> <span class='ocrx_word' id='word_1_35' title='bbox 451 785 560 863; x_wconf 87' lang='lat' dir='ltr'><strong>pariter</strong></span> <span class='ocrx_word' id='word_1_36' title='bbox 594 783 728 862; x_wconf 79' lang='lat' dir='ltr'><strong>implicat</strong></span> <span class='ocrx_word' id='word_1_37' title='bbox 760 785 1027 846; x_wconf 88' lang='lat' dir='ltr'><strong>oontrsdiotionam.</strong></span> 
     </span>
     <span class='ocr_line' id='line_1_5' title="bbox 69 883 1029 965; baseline 0.002 -23"><span class='ocrx_word' id='word_1_38' title='bbox 69 883 221 956; x_wconf 79' lang='lat' dir='ltr'><strong>Sranesn,</strong></span> <span class='ocrx_word' id='word_1_39' title='bbox 247 904 277 961; x_wconf 90' lang='lat' dir='ltr'><strong>q.</strong></span> <span class='ocrx_word' id='word_1_40' title='bbox 297 889 325 957; x_wconf 99' lang='grc'><strong>2,</strong></span> <span class='ocrx_word' id='word_1_41' title='bbox 347 905 372 944; x_wconf 88' lang='lat' dir='ltr'><strong>a.</strong></span> <span class='ocrx_word' id='word_1_42' title='bbox 395 889 424 959; x_wconf 93' lang='grc'><strong>2,</strong></span> <span class='ocrx_word' id='word_1_43' title='bbox 445 903 476 945; x_wconf 92' lang='lat' dir='ltr'><strong>n.</strong></span> <span class='ocrx_word' id='word_1_44' title='bbox 496 891 520 946; x_wconf 90' lang='lat'><strong>1.</strong></span> <span class='ocrx_word' id='word_1_45' title='bbox 563 885 619 944; x_wconf 86' lang='lat' dir='ltr'><strong>Sed</strong></span> <span class='ocrx_word' id='word_1_46' title='bbox 635 885 677 961; x_wconf 80' lang='lat'><strong>50,</strong></span> <span class='ocrx_word' id='word_1_47' title='bbox 690 886 812 965; x_wconf 75' lang='lat' dir='ltr'><strong>quaestio</strong></span> <span class='ocrx_word' id='word_1_48' title='bbox 827 891 871 948; x_wconf 89' lang='lat' dir='ltr'><strong>est</strong></span> <span class='ocrx_word' id='word_1_49' title='bbox 884 906 921 946; x_wconf 88' lang='lat' dir='ltr'><strong>an</strong></span> <span class='ocrx_word' id='word_1_50' title='bbox 935 885 1029 962; x_wconf 84' lang='lat' dir='ltr'><strong>grstia</strong></span> 
     </span>
     <span class='ocr_line' id='line_1_6' title="bbox 70 983 1027 1063; baseline 0.001 -21"><span class='ocrx_word' id='word_1_51' title='bbox 70 983 267 1058; x_wconf 83' lang='lat' dir='ltr'><strong>sanetifioans,</strong></span> <span class='ocrx_word' id='word_1_52' title='bbox 295 987 427 1061; x_wconf 82' lang='lat' dir='ltr'><strong>spectata</strong></span> <span class='ocrx_word' id='word_1_53' title='bbox 449 984 641 1044; x_wconf 80' lang='lat' dir='ltr'>materialiter</span> <span class='ocrx_word' id='word_1_54' title='bbox 657 989 698 1046; x_wconf 84' lang='lat' dir='ltr'><strong>et</strong></span> <span class='ocrx_word' id='word_1_55' title='bbox 729 991 765 1045; x_wconf 90' lang='lat' dir='ltr'><strong>ut</strong></span> <span class='ocrx_word' id='word_1_56' title='bbox 790 1005 870 1046; x_wconf 89' lang='lat' dir='ltr'><strong>mera</strong></span> <span class='ocrx_word' id='word_1_57' title='bbox 892 983 1027 1063; x_wconf 85' lang='lat' dir='ltr'><strong>qualitas.</strong></span> 
     </span>
     <span class='ocr_line' id='line_1_7' title="bbox 69 1081 1030 1162; baseline 0 -21"><span class='ocrx_word' id='word_1_58' title='bbox 69 1082 175 1160; x_wconf 88' lang='lat' dir='ltr'><strong>possit,</strong></span> <span class='ocrx_word' id='word_1_59' title='bbox 188 1082 222 1142; x_wconf 94' lang='lat' dir='ltr'><strong>in</strong></span> <span class='ocrx_word' id='word_1_60' title='bbox 235 1083 292 1142; x_wconf 91' lang='lat' dir='ltr'><strong>alio</strong></span> <span class='ocrx_word' id='word_1_61' title='bbox 305 1083 405 1144; x_wconf 79' lang='lat' dir='ltr'><strong>ordine</strong></span> <span class='ocrx_word' id='word_1_62' title='bbox 418 1103 470 1161; x_wconf 86' lang='lat' dir='ltr'><strong>per</strong></span> <span class='ocrx_word' id='word_1_63' title='bbox 483 1084 723 1162; x_wconf 77' lang='lat' dir='ltr'><strong>omnipotentiam</strong></span> <span class='ocrx_word' id='word_1_64' title='bbox 743 1084 881 1158; x_wconf 85' lang='lat' dir='ltr'><strong>divinam,</strong></span> <span class='ocrx_word' id='word_1_65' title='bbox 897 1081 1030 1160; x_wconf 92' lang='lat' dir='ltr'><strong>oomponi</strong></span> 
     </span>
     <span class='ocr_line' id='line_1_8' title="bbox 70 1185 1029 1264; baseline 0.003 -23"><span class='ocrx_word' id='word_1_66' title='bbox 70 1201 141 1242; x_wconf 86' lang='lat' dir='ltr'><strong>oum</strong></span> <span class='ocrx_word' id='word_1_67' title='bbox 153 1187 233 1245; x_wconf 77' lang='lat' dir='ltr'><strong>statu</strong></span> <span class='ocrx_word' id='word_1_68' title='bbox 246 1185 357 1262; x_wconf 88' lang='lat' dir='ltr'><strong>peoosti</strong></span> <span class='ocrx_word' id='word_1_69' title='bbox 371 1190 422 1245; x_wconf 87' lang='lat' dir='ltr'><strong>ant</strong></span> <span class='ocrx_word' id='word_1_70' title='bbox 435 1185 542 1246; x_wconf 83' lang='lat' dir='ltr'><strong>aotuali</strong></span> <span class='ocrx_word' id='word_1_71' title='bbox 554 1190 689 1263; x_wconf 87' lang='lat' dir='ltr'><strong>peooato;</strong></span> <span class='ocrx_word' id='word_1_72' title='bbox 711 1186 755 1246; x_wconf 89' lang='lat' dir='ltr'><strong>ita</strong></span> <span class='ocrx_word' id='word_1_73' title='bbox 767 1189 802 1246; x_wconf 89' lang='lat' dir='ltr'><strong>ut</strong></span> <span class='ocrx_word' id='word_1_74' title='bbox 816 1205 868 1246; x_wconf 90' lang='lat' dir='ltr'><strong>neo</strong></span> <span class='ocrx_word' id='word_1_75' title='bbox 878 1190 1029 1264; x_wconf 87' lang='lat' dir='ltr'><strong>peeoatnm</strong></span> 
     </span>
     <span class='ocr_line' id='line_1_9' title="bbox 70 1283 733 1362; baseline 0.002 -19"><span class='ocrx_word' id='word_1_76' title='bbox 70 1283 235 1360; x_wconf 87' lang='lat' dir='ltr'><strong>expelleret</strong></span> <span class='ocrx_word' id='word_1_77' title='bbox 247 1284 371 1362; x_wconf 77' lang='lat' dir='ltr'><strong>gratiam</strong></span> <span class='ocrx_word' id='word_1_78' title='bbox 385 1303 438 1344; x_wconf 87' lang='lat' dir='ltr'><strong>neo</strong></span> <span class='ocrx_word' id='word_1_79' title='bbox 452 1285 547 1360; x_wconf 82' lang='lat' dir='ltr'><strong>gratia</strong></span> <span class='ocrx_word' id='word_1_80' title='bbox 559 1283 733 1362; x_wconf 79' lang='lat' dir='ltr'><strong>peceatum?</strong></span> 
     </span>
    </p>

    <p class='ocr_par' dir='ltr' id='par_1_3' title="bbox 70 1383 1030 2159">
     <span class='ocr_line' id='line_1_10' title="bbox 115 1383 1027 1462; baseline 0.003 -20"><span class='ocrx_word' id='word_1_81' title='bbox 115 1384 184 1444; x_wconf 73' lang='lat'><strong>⁴⁶29.</strong></span> <span class='ocrx_word' id='word_1_82' title='bbox 206 1383 245 1443; x_wconf 90' lang='lat' dir='ltr'><strong>In</strong></span> <span class='ocrx_word' id='word_1_83' title='bbox 270 1384 325 1444; x_wconf 87' lang='lat' dir='ltr'><strong>hae</strong></span> <span class='ocrx_word' id='word_1_84' title='bbox 352 1383 511 1462; x_wconf 79' lang='lat' dir='ltr'><strong>quaestione</strong></span> <span class='ocrx_word' id='word_1_85' title='bbox 538 1385 676 1446; x_wconf 82' lang='lat' dir='ltr'><strong>solvenda</strong></span> <span class='ocrx_word' id='word_1_86' title='bbox 696 1385 870 1446; x_wconf 78' lang='lat' dir='ltr'><strong>scinduntur</strong></span> <span class='ocrx_word' id='word_1_87' title='bbox 889 1384 1027 1462; x_wconf 67' lang='lat' dir='ltr'><strong>theologi</strong></span> 
     </span>
     <span class='ocr_line' id='line_1_11' title="bbox 70 1483 1029 1564; baseline 0.004 -22"><span class='ocrx_word' id='word_1_88' title='bbox 70 1483 207 1562; x_wconf 88' lang='lat' dir='ltr'><strong>pluribus</strong></span> <span class='ocrx_word' id='word_1_89' title='bbox 220 1484 357 1560; x_wconf 81' lang='lat' dir='ltr'><strong>gravibus</strong></span> <span class='ocrx_word' id='word_1_90' title='bbox 370 1485 586 1559; x_wconf 87' lang='lat' dir='ltr'><strong>affirmantibus,</strong></span> <span class='ocrx_word' id='word_1_91' title='bbox 602 1486 736 1564; x_wconf 89' lang='lat' dir='ltr'><strong>pluribus</strong></span> <span class='ocrx_word' id='word_1_92' title='bbox 749 1487 885 1562; x_wconf 83' lang='lat' dir='ltr'><strong>gravibus</strong></span> <span class='ocrx_word' id='word_1_93' title='bbox 898 1486 1029 1563; x_wconf 84' lang='lat' dir='ltr'><strong>neganti·</strong></span> 
     </span>
     <span class='ocr_line' id='line_1_12' title="bbox 71 1583 1026 1662; baseline 0.002 -18"><span class='ocrx_word' id='word_1_94' title='bbox 71 1583 140 1644; x_wconf 80' lang='lat' dir='ltr'><strong>bus.</strong></span> <span class='ocrx_word' id='word_1_95' title='bbox 182 1583 362 1643; x_wconf 74' lang='lat' dir='ltr'><strong>Sententiam</strong></span> <span class='ocrx_word' id='word_1_96' title='bbox 375 1583 566 1644; x_wconf 86' lang='lat' dir='ltr'><strong>affirmantem</strong></span> <span class='ocrx_word' id='word_1_97' title='bbox 586 1590 704 1645; x_wconf 89' lang='lat' dir='ltr'><strong>strenuo</strong></span> <span class='ocrx_word' id='word_1_98' title='bbox 717 1589 881 1662; x_wconf 80' lang='lat' dir='ltr'><strong>propugnat</strong></span> <span class='ocrx_word' id='word_1_99' title='bbox 895 1586 1026 1660; x_wconf 67' lang='lat' dir='ltr'><strong>Lissus,</strong></span> 
     </span>
     <span class='ocr_line' id='line_1_13' title="bbox 72 1683 1028 1763; baseline 0.002 -20"><span class='ocrx_word' id='word_1_100' title='bbox 72 1702 197 1761; x_wconf 85' lang='lat' dir='ltr'><strong>eamque</strong></span> <span class='ocrx_word' id='word_1_101' title='bbox 218 1683 303 1762; x_wconf 89' lang='lat' dir='ltr'><strong>ponit</strong></span> <span class='ocrx_word' id='word_1_102' title='bbox 315 1689 350 1744; x_wconf 91' lang='lat' dir='ltr'><strong>ut</strong></span> <span class='ocrx_word' id='word_1_103' title='bbox 362 1688 566 1762; x_wconf 79' lang='lat' dir='ltr'><strong>argumentum</strong></span> <span class='ocrx_word' id='word_1_104' title='bbox 589 1685 760 1763; x_wconf 87' lang='lat' dir='ltr'><strong>primarium</strong></span> <span class='ocrx_word' id='word_1_105' title='bbox 779 1685 812 1745; x_wconf 90' lang='lat' dir='ltr'><strong>in</strong></span> <span class='ocrx_word' id='word_1_106' title='bbox 831 1685 954 1762; x_wconf 86' lang='lat' dir='ltr'><strong>gratiam</strong></span> <span class='ocrx_word' id='word_1_107' title='bbox 968 1705 1028 1746; x_wconf 80' lang='lat' dir='ltr'><strong>susa</strong></span> 
     </span>
     <span class='ocr_line' id='line_1_14' title="bbox 73 1783 1030 1863; baseline 0.003 -21"><span class='ocrx_word' id='word_1_108' title='bbox 73 1783 214 1843; x_wconf 80' lang='lat' dir='ltr'><strong>doetrinae</strong></span> <span class='ocrx_word' id='word_1_109' title='bbox 234 1784 270 1844; x_wconf 93' lang='lat' dir='ltr'><strong>de</strong></span> <span class='ocrx_word' id='word_1_110' title='bbox 291 1783 452 1862; x_wconf 75' lang='lat' dir='ltr'><strong>adoptione,</strong></span> <span class='ocrx_word' id='word_1_111' title='bbox 475 1803 563 1863; x_wconf 87' lang='lat' dir='ltr'><strong>supra</strong></span> <span class='ocrx_word' id='word_1_112' title='bbox 585 1789 759 1859; x_wconf 73' lang='lat' dir='ltr'><strong>memoratis,</strong></span> <span class='ocrx_word' id='word_1_113' title='bbox 780 1805 811 1844; x_wconf 92' lang='lat' dir='ltr'><strong>n.</strong></span> <span class='ocrx_word' id='word_1_114' title='bbox 826 1790 874 1845; x_wconf 89' lang='grc'><strong>22.</strong></span> <span class='ocrx_word' id='word_1_115' title='bbox 915 1787 1030 1846; x_wconf 81' lang='lat' dir='ltr'><strong>Praeter</strong></span> 
     </span>
     <span class='ocr_line' id='line_1_15' title="bbox 71 1885 1027 1963; baseline 0.002 -21"><span class='ocrx_word' id='word_1_116' title='bbox 71 1902 177 1960; x_wconf 84' lang='lat' dir='ltr'><strong>gravas</strong></span> <span class='ocrx_word' id='word_1_117' title='bbox 190 1889 320 1944; x_wconf 77' lang='lat' dir='ltr'><strong>auctores</strong></span> <span class='ocrx_word' id='word_1_118' title='bbox 333 1905 371 1944; x_wconf 86' lang='lat' dir='ltr'><strong>ex</strong></span> <span class='ocrx_word' id='word_1_119' title='bbox 383 1897 508 1962; x_wconf 86' lang='lat' dir='ltr'><strong>utraque</strong></span> <span class='ocrx_word' id='word_1_120' title='bbox 526 1889 618 1963; x_wconf 88' lang='lat' dir='ltr'><strong>parte,</strong></span> <span class='ocrx_word' id='word_1_121' title='bbox 641 1885 742 1963; x_wconf 82' lang='lat' dir='ltr'><strong>gravia</strong></span> <span class='ocrx_word' id='word_1_122' title='bbox 755 1889 825 1946; x_wconf 90' lang='lat' dir='ltr'><strong>sunt</strong></span> <span class='ocrx_word' id='word_1_123' title='bbox 838 1885 928 1946; x_wconf 89' lang='lat' dir='ltr'><strong>etiam</strong></span> <span class='ocrx_word' id='word_1_124' title='bbox 940 1905 1027 1962; x_wconf 85' lang='lat' dir='ltr'><strong>argu-</strong></span> 
     </span>
     <span class='ocr_line' id='line_1_16' title="bbox 70 1983 1027 2062; baseline 0.003 -21"><span class='ocrx_word' id='word_1_125' title='bbox 70 1986 181 2043; x_wconf 87' lang='lat' dir='ltr'><strong>menta.</strong></span> <span class='ocrx_word' id='word_1_126' title='bbox 221 1983 298 2042; x_wconf 85' lang='lat' dir='ltr'><strong>Mihi</strong></span> <span class='ocrx_word' id='word_1_127' title='bbox 310 2002 357 2044; x_wconf 85' lang='lat' dir='ltr'><strong>res</strong></span> <span class='ocrx_word' id='word_1_128' title='bbox 370 1985 454 2044; x_wconf 88' lang='lat' dir='ltr'><strong>valde</strong></span> <span class='ocrx_word' id='word_1_129' title='bbox 467 1985 578 2045; x_wconf 84' lang='lat' dir='ltr'><strong>ineerta</strong></span> <span class='ocrx_word' id='word_1_130' title='bbox 591 1991 650 2045; x_wconf 85' lang='lat' dir='ltr'><strong>est:</strong></span> <span class='ocrx_word' id='word_1_131' title='bbox 674 1985 791 2045; x_wconf 90' lang='lat' dir='ltr'><strong>omnino</strong></span> <span class='ocrx_word' id='word_1_132' title='bbox 812 1990 911 2046; x_wconf 89' lang='lat' dir='ltr'><strong>antem</strong></span> <span class='ocrx_word' id='word_1_133' title='bbox 930 1985 1027 2062; x_wconf 85' lang='lat' dir='ltr'><strong>plaoet</strong></span> 
     </span>
     <span class='ocr_line' id='line_1_17' title="bbox 72 2083 1030 2159; baseline 0.003 -15"><span class='ocrx_word' id='word_1_134' title='bbox 72 2083 224 2146; x_wconf 88' lang='lat' dir='ltr'><strong>annotatio</strong></span> <span class='ocrx_word' id='word_1_135' title='bbox 238 2086 390 2158; x_wconf 79' lang='lat' dir='ltr'><strong>ernnm,</strong></span> <span class='ocrx_word' id='word_1_136' title='bbox 416 2087 443 2146; x_wconf 90' lang='lat' dir='ltr'><strong>d.</strong></span> <span class='ocrx_word' id='word_1_137' title='bbox 469 2091 534 2159; x_wconf 89' lang='grc'><strong>132,</strong></span> <span class='ocrx_word' id='word_1_138' title='bbox 560 2105 590 2148; x_wconf 90' lang='grc' dir='ltr'><strong>ιι.</strong></span> <span class='ocrx_word' id='word_1_139' title='bbox 617 2087 971 2147; x_wconf 81' lang='lat' dir='ltr'><strong>189:-“1ndubitatum</strong></span> <span class='ocrx_word' id='word_1_140' title='bbox 986 2091 1030 2147; x_wconf 90' lang='lat' dir='ltr'><strong>est</strong></span> 
     </span>
    </p>
   </div>
   <div class='ocr_carea' id='block_1_3' title="bbox 70 2187 1030 3757">
    <p class='ocr_par' dir='ltr' id='par_1_4' title="bbox 70 2187 1030 3158">
     <span class='ocr_line' id='line_1_18' title="bbox 70 2187 1029 2267; baseline 0.003 -22"><span class='ocrx_word' id='word_1_141' title='bbox 70 2187 148 2246; x_wconf 85' lang='lat' dir='ltr'><strong>mihi</strong></span> <span class='ocrx_word' id='word_1_142' title='bbox 171 2187 293 2264; x_wconf 83' lang='lat' dir='ltr'><strong>gratiam</strong></span> <span class='ocrx_word' id='word_1_143' title='bbox 310 2189 522 2266; x_wconf 77' lang='lat' dir='ltr'><strong>justificantem</strong></span> <span class='ocrx_word' id='word_1_144' title='bbox 545 2189 651 2249; x_wconf 88' lang='lat' dir='ltr'><strong>habere</strong></span> <span class='ocrx_word' id='word_1_145' title='bbox 669 2191 797 2267; x_wconf 87' lang='lat' dir='ltr'><strong>aliquam</strong></span> <span class='ocrx_word' id='word_1_146' title='bbox 820 2189 1029 2267; x_wconf 89' lang='lat' dir='ltr'><strong>oppositionem</strong></span> 
     </span>
     <span class='ocr_line' id='line_1_19' title="bbox 73 2288 1030 2367; baseline 0.001 -20"><span class='ocrx_word' id='word_1_147' title='bbox 73 2308 113 2347; x_wconf 86' lang='lat' dir='ltr'><strong>ex</strong></span> <span class='ocrx_word' id='word_1_148' title='bbox 131 2292 237 2348; x_wconf 88' lang='lat' dir='ltr'><strong>natura</strong></span> <span class='ocrx_word' id='word_1_149' title='bbox 249 2288 292 2348; x_wconf 90' lang='lat' dir='ltr'><strong>rei</strong></span> <span class='ocrx_word' id='word_1_150' title='bbox 306 2290 374 2367; x_wconf 90' lang='lat' dir='ltr'><strong>(hoo</strong></span> <span class='ocrx_word' id='word_1_151' title='bbox 394 2292 447 2359; x_wconf 87' lang='lat' dir='ltr'><strong>est,</strong></span> <span class='ocrx_word' id='word_1_152' title='bbox 462 2293 555 2348; x_wconf 89' lang='lat' dir='ltr'><strong>ortam</strong></span> <span class='ocrx_word' id='word_1_153' title='bbox 565 2309 605 2348; x_wconf 88' lang='lat' dir='ltr'><strong>ex</strong></span> <span class='ocrx_word' id='word_1_154' title='bbox 619 2290 733 2349; x_wconf 90' lang='lat' dir='ltr'><strong>naturis</strong></span> <span class='ocrx_word' id='word_1_155' title='bbox 752 2289 823 2366; x_wconf 87' lang='lat' dir='ltr'><strong>ipsis</strong></span> <span class='ocrx_word' id='word_1_156' title='bbox 837 2291 947 2362; x_wconf 88' lang='lat' dir='ltr'><strong>rerum)</strong></span> <span class='ocrx_word' id='word_1_157' title='bbox 962 2309 1030 2348; x_wconf 89' lang='lat' dir='ltr'><strong>oum</strong></span> 
     </span>
     <span class='ocr_line' id='line_1_20' title="bbox 74 2385 1030 2466; baseline -0.003 -19"><span class='ocrx_word' id='word_1_158' title='bbox 74 2391 142 2448; x_wconf 87' lang='lat' dir='ltr'><strong>aotn</strong></span> <span class='ocrx_word' id='word_1_159' title='bbox 155 2389 274 2465; x_wconf 81' lang='lat' dir='ltr'><strong>peceati,</strong></span> <span class='ocrx_word' id='word_1_160' title='bbox 291 2393 378 2466; x_wconf 90' lang='lat' dir='ltr'><strong>prout</strong></span> <span class='ocrx_word' id='word_1_161' title='bbox 390 2389 537 2448; x_wconf 86' lang='lat' dir='ltr'><strong>moraliter</strong></span> <span class='ocrx_word' id='word_1_162' title='bbox 549 2387 675 2446; x_wconf 90' lang='lat' dir='ltr'><strong>inoludit</strong></span> <span class='ocrx_word' id='word_1_163' title='bbox 687 2387 830 2446; x_wconf 88' lang='lat' dir='ltr'><strong>malitiam</strong></span> <span class='ocrx_word' id='word_1_164' title='bbox 844 2406 878 2446; x_wconf 90' lang='lat' dir='ltr'><strong>ao</strong></span> <span class='ocrx_word' id='word_1_165' title='bbox 890 2385 1030 2462; x_wconf 90' lang='lat' dir='ltr'><strong>injuriam</strong></span> 
     </span>
     <span class='ocr_line' id='line_1_21' title="bbox 72 2485 1027 2565; baseline -0.004 -18"><span class='ocrx_word' id='word_1_166' title='bbox 72 2507 190 2565; x_wconf 85' lang='lat' dir='ltr'><strong>gravem</strong></span> <span class='ocrx_word' id='word_1_167' title='bbox 203 2488 268 2548; x_wconf 87' lang='lat' dir='ltr'><strong>Dei.</strong></span> <span class='ocrx_word' id='word_1_168' title='bbox 309 2489 374 2548; x_wconf 80' lang='lat' dir='ltr'><strong>Hos</strong></span> <span class='ocrx_word' id='word_1_169' title='bbox 394 2489 470 2547; x_wconf 83' lang='lat' dir='ltr'><strong>olane</strong></span> <span class='ocrx_word' id='word_1_170' title='bbox 490 2487 674 2546; x_wconf 76' lang='lat' dir='ltr'><strong>concluditur</strong></span> <span class='ocrx_word' id='word_1_171' title='bbox 697 2507 735 2546; x_wconf 86' lang='lat' dir='ltr'><strong>ex</strong></span> <span class='ocrx_word' id='word_1_172' title='bbox 756 2485 888 2544; x_wconf 75' lang='lat' dir='ltr'><strong>&#39;l‘rident</strong></span> <span class='ocrx_word' id='word_1_173' title='bbox 913 2504 982 2544; x_wconf 85' lang='lat' dir='ltr'><strong>sess.</strong></span> <span class='ocrx_word' id='word_1_174' title='bbox 998 2490 1027 2557; x_wconf 88' lang='grc'><strong>6,</strong></span> 
     </span>
     <span class='ocr_line' id='line_1_22' title="bbox 74 2584 1029 2663; baseline -0.004 -19"><span class='ocrx_word' id='word_1_175' title='bbox 74 2605 100 2644; x_wconf 89' lang='lat' dir='ltr'><strong>o.</strong></span> <span class='ocrx_word' id='word_1_176' title='bbox 117 2585 154 2645; x_wconf 82' lang='lat'><strong>7:</strong></span> <span class='ocrx_word' id='word_1_177' title='bbox 175 2590 241 2661; x_wconf 91' lang='lat' dir='ltr'><strong>post</strong></span> <span class='ocrx_word' id='word_1_178' title='bbox 254 2586 338 2663; x_wconf 86' lang='lat' dir='ltr'><strong>eujus</strong></span> <span class='ocrx_word' id='word_1_179' title='bbox 358 2586 507 2646; x_wconf 83' lang='lat' dir='ltr'><strong>decretum</strong></span> <span class='ocrx_word' id='word_1_180' title='bbox 530 2586 632 2643; x_wconf 90' lang='lat' dir='ltr'><strong>merito</strong></span> <span class='ocrx_word' id='word_1_181' title='bbox 655 2584 759 2642; x_wconf 78' lang='lat' dir='ltr'><strong>statuit</strong></span> <span class='ocrx_word' id='word_1_182' title='bbox 780 2585 893 2642; x_wconf 78' lang='lat' dir='ltr'><strong>Susam</strong></span> <span class='ocrx_word' id='word_1_183' title='bbox 907 2586 1029 2641; x_wconf 91' lang='lat' dir='ltr'><strong>temera-</strong></span> 
     </span>
     <span class='ocr_line' id='line_1_23' title="bbox 74 2679 1029 2762; baseline -0.001 -20"><span class='ocrx_word' id='word_1_184' title='bbox 74 2685 153 2743; x_wconf 90' lang='lat' dir='ltr'><strong>rium</strong></span> <span class='ocrx_word' id='word_1_185' title='bbox 176 2704 237 2744; x_wconf 86' lang='lat' dir='ltr'><strong>esse</strong></span> <span class='ocrx_word' id='word_1_186' title='bbox 258 2684 360 2760; x_wconf 81' lang='lat' dir='ltr'><strong>gratiae</strong></span> <span class='ocrx_word' id='word_1_187' title='bbox 389 2685 566 2762; x_wconf 87' lang='lat' dir='ltr'><strong>justifieanti</strong></span> <span class='ocrx_word' id='word_1_188' title='bbox 596 2683 723 2759; x_wconf 90' lang='lat' dir='ltr'><strong>aliquam</strong></span> <span class='ocrx_word' id='word_1_189' title='bbox 754 2679 963 2758; x_wconf 86' lang='lat' dir='ltr'><strong>oppositionem</strong></span> <span class='ocrx_word' id='word_1_190' title='bbox 991 2701 1029 2741; x_wconf 86' lang='lat' dir='ltr'><strong>ex</strong></span> 
     </span>
     <span class='ocr_line' id='line_1_24' title="bbox 74 2781 1029 2862; baseline -0.003 -20"><span class='ocrx_word' id='word_1_191' title='bbox 74 2789 179 2843; x_wconf 89' lang='lat' dir='ltr'><strong>natura</strong></span> <span class='ocrx_word' id='word_1_192' title='bbox 199 2785 242 2844; x_wconf 88' lang='lat' dir='ltr'><strong>rei</strong></span> <span class='ocrx_word' id='word_1_193' title='bbox 264 2805 330 2844; x_wconf 88' lang='lat' dir='ltr'><strong>oum</strong></span> <span class='ocrx_word' id='word_1_194' title='bbox 352 2788 469 2862; x_wconf 80' lang='lat' dir='ltr'><strong>peceato</strong></span> <span class='ocrx_word' id='word_1_195' title='bbox 493 2783 630 2860; x_wconf 82' lang='lat' dir='ltr'><strong>negare.&#39;&#39;</strong></span> <span class='ocrx_word' id='word_1_196' title='bbox 672 2783 753 2842; x_wconf 90' lang='lat' dir='ltr'><strong>Bene</strong></span> <span class='ocrx_word' id='word_1_197' title='bbox 775 2787 873 2841; x_wconf 86' lang='lat' dir='ltr'><strong>tamon</strong></span> <span class='ocrx_word' id='word_1_198' title='bbox 887 2781 968 2840; x_wconf 87' lang='lat' dir='ltr'><strong>addit</strong></span> <span class='ocrx_word' id='word_1_199' title='bbox 980 2799 1029 2839; x_wconf 88' lang='lat'><strong>:-</strong></span> 
     </span>
     <span class='ocr_line' id='line_1_25' title="bbox 76 2881 1029 2961; baseline -0.002 -19"><span class='ocrx_word' id='word_1_200' title='bbox 76 2884 214 2943; x_wconf 80' lang='lat' dir='ltr'><strong>“Adhno</strong></span> <span class='ocrx_word' id='word_1_201' title='bbox 238 2888 336 2945; x_wconf 89' lang='lat' dir='ltr'><strong>tamen</strong></span> <span class='ocrx_word' id='word_1_202' title='bbox 359 2883 535 2944; x_wconf 79' lang='lat' dir='ltr'><strong>controverti</strong></span> <span class='ocrx_word' id='word_1_203' title='bbox 555 2887 659 2961; x_wconf 90' lang='lat' dir='ltr'><strong>potest,</strong></span> <span class='ocrx_word' id='word_1_204' title='bbox 682 2903 718 2942; x_wconf 89' lang='lat' dir='ltr'><strong>an</strong></span> <span class='ocrx_word' id='word_1_205' title='bbox 743 2883 805 2940; x_wconf 87' lang='lat' dir='ltr'><strong>haeo</strong></span> <span class='ocrx_word' id='word_1_206' title='bbox 829 2881 970 2959; x_wconf 90' lang='lat' dir='ltr'><strong>oppositio</strong></span> <span class='ocrx_word' id='word_1_207' title='bbox 991 2901 1029 2940; x_wconf 88' lang='lat' dir='ltr'><strong>ex</strong></span> 
     </span>
     <span class='ocr_line' id='line_1_26' title="bbox 73 2979 1028 3059; baseline -0.003 -17"><span class='ocrx_word' id='word_1_208' title='bbox 73 2987 180 3042; x_wconf 82' lang='lat' dir='ltr'><strong>natura</strong></span> <span class='ocrx_word' id='word_1_209' title='bbox 192 2984 235 3043; x_wconf 88' lang='lat' dir='ltr'><strong>rei</strong></span> <span class='ocrx_word' id='word_1_210' title='bbox 248 2988 329 3044; x_wconf 87' lang='lat' dir='ltr'><strong>tanta</strong></span> <span class='ocrx_word' id='word_1_211' title='bbox 355 2985 402 3056; x_wconf 88' lang='lat' dir='ltr'><strong>sit,</strong></span> <span class='ocrx_word' id='word_1_212' title='bbox 428 2987 464 3044; x_wconf 90' lang='lat' dir='ltr'><strong>nt</strong></span> <span class='ocrx_word' id='word_1_213' title='bbox 485 2985 522 3042; x_wconf 89' lang='lat' dir='ltr'><strong>ad</strong></span> <span class='ocrx_word' id='word_1_214' title='bbox 545 2983 742 3042; x_wconf 81' lang='lat' dir='ltr'><strong>remissionem</strong></span> <span class='ocrx_word' id='word_1_215' title='bbox 756 2982 867 3059; x_wconf 81' lang='lat' dir='ltr'><strong>peceati</strong></span> <span class='ocrx_word' id='word_1_216' title='bbox 880 3001 936 3039; x_wconf 92' lang='lat' dir='ltr'><strong>non</strong></span> <span class='ocrx_word' id='word_1_217' title='bbox 952 2979 1028 3040; x_wconf 91' lang='lat' dir='ltr'><strong>indi·</strong></span> 
     </span>
     <span class='ocr_line' id='line_1_27' title="bbox 74 3081 948 3158; baseline 0.001 -18"><span class='ocrx_word' id='word_1_218' title='bbox 74 3086 177 3158; x_wconf 80' lang='lat' dir='ltr'><strong>geatur</strong></span> <span class='ocrx_word' id='word_1_219' title='bbox 190 3103 264 3141; x_wconf 86' lang='lat' dir='ltr'><strong>novo</strong></span> <span class='ocrx_word' id='word_1_220' title='bbox 277 3084 375 3143; x_wconf 83' lang='lat' dir='ltr'><strong>favore</strong></span> <span class='ocrx_word' id='word_1_221' title='bbox 389 3084 446 3142; x_wconf 93' lang='lat' dir='ltr'><strong>Dei</strong></span> <span class='ocrx_word' id='word_1_222' title='bbox 460 3083 597 3142; x_wconf 84' lang='lat' dir='ltr'><strong>distincto</strong></span> <span class='ocrx_word' id='word_1_223' title='bbox 611 3083 646 3140; x_wconf 90' lang='lat' dir='ltr'><strong>ab</strong></span> <span class='ocrx_word' id='word_1_224' title='bbox 660 3082 805 3141; x_wconf 80' lang='lat' dir='ltr'><strong>infusione</strong></span> <span class='ocrx_word' id='word_1_225' title='bbox 819 3081 948 3158; x_wconf 82' lang='lat' dir='ltr'><strong>gratiae.”</strong></span> 
     </span>
    </p>

    <p class='ocr_par' dir='ltr' id='par_1_5' title="bbox 73 3177 1029 3757">
     <span class='ocr_line' id='line_1_28' title="bbox 115 3177 1028 3258; baseline -0.002 -20"><span class='ocrx_word' id='word_1_226' title='bbox 115 3181 182 3238; x_wconf 74' lang='lat' dir='ltr'><strong>l¹30.</strong></span> <span class='ocrx_word' id='word_1_227' title='bbox 208 3181 355 3250; x_wconf 77' lang='lat' dir='ltr'><strong>Quceritar</strong></span> <span class='ocrx_word' id='word_1_228' title='bbox 368 3182 412 3240; x_wconf 82' lang='lat'><strong>3⁰.</strong></span> <span class='ocrx_word' id='word_1_229' title='bbox 434 3182 472 3240; x_wconf 91' lang='lat' dir='ltr'><strong>In</strong></span> <span class='ocrx_word' id='word_1_230' title='bbox 485 3181 621 3258; x_wconf 80' lang='lat' dir='ltr'><strong>praesonti</strong></span> <span class='ocrx_word' id='word_1_231' title='bbox 644 3181 745 3240; x_wconf 89' lang='lat' dir='ltr'><strong>ordine</strong></span> <span class='ocrx_word' id='word_1_232' title='bbox 764 3199 914 3256; x_wconf 88' lang='lat' dir='ltr'><strong>nunquam</strong></span> <span class='ocrx_word' id='word_1_233' title='bbox 928 3177 1028 3237; x_wconf 88' lang='lat' dir='ltr'><strong>remit·</strong></span> 
     </span>
     <span class='ocr_line' id='line_1_29' title="bbox 73 3277 1028 3358; baseline -0.002 -20"><span class='ocrx_word' id='word_1_234' title='bbox 73 3279 150 3339; x_wconf 87' lang='lat' dir='ltr'><strong>titur</strong></span> <span class='ocrx_word' id='word_1_235' title='bbox 162 3285 314 3356; x_wconf 78' lang='lat' dir='ltr'><strong>peecatum</strong></span> <span class='ocrx_word' id='word_1_236' title='bbox 328 3280 450 3341; x_wconf 86' lang='lat' dir='ltr'><strong>mortale</strong></span> <span class='ocrx_word' id='word_1_237' title='bbox 463 3281 585 3354; x_wconf 81' lang='lat' dir='ltr'><strong>actuale,</strong></span> <span class='ocrx_word' id='word_1_238' title='bbox 601 3281 660 3340; x_wconf 89' lang='lat' dir='ltr'><strong>nisi</strong></span> <span class='ocrx_word' id='word_1_239' title='bbox 674 3281 776 3358; x_wconf 86' lang='lat' dir='ltr'><strong>positis</strong></span> <span class='ocrx_word' id='word_1_240' title='bbox 787 3278 960 3356; x_wconf 80' lang='lat' dir='ltr'><strong>quibusdam</strong></span> <span class='ocrx_word' id='word_1_241' title='bbox 971 3277 1028 3336; x_wconf 87' lang='lat' dir='ltr'><strong>dis·</strong></span> 
     </span>
     <span class='ocr_line' id='line_1_30' title="bbox 73 3378 1029 3456; baseline -0.001 -19"><span class='ocrx_word' id='word_1_242' title='bbox 73 3378 266 3456; x_wconf 87' lang='lat' dir='ltr'><strong>positionibus</strong></span> <span class='ocrx_word' id='word_1_243' title='bbox 288 3401 326 3439; x_wconf 88' lang='lat' dir='ltr'><strong>ex</strong></span> <span class='ocrx_word' id='word_1_244' title='bbox 349 3384 430 3456; x_wconf 88' lang='lat' dir='ltr'><strong>parte</strong></span> <span class='ocrx_word' id='word_1_245' title='bbox 443 3381 623 3456; x_wconf 83' lang='lat' dir='ltr'><strong>peccatoris:</strong></span> <span class='ocrx_word' id='word_1_246' title='bbox 646 3381 696 3440; x_wconf 88' lang='lat' dir='ltr'><strong>sed</strong></span> <span class='ocrx_word' id='word_1_247' title='bbox 716 3399 752 3438; x_wconf 91' lang='lat' dir='ltr'><strong>an</strong></span> <span class='ocrx_word' id='word_1_248' title='bbox 766 3380 809 3438; x_wconf 94' lang='lat' dir='ltr'><strong>ita</strong></span> <span class='ocrx_word' id='word_1_249' title='bbox 823 3399 852 3437; x_wconf 82' lang='lat' dir='ltr'><strong>re</strong></span> <span class='ocrx_word' id='word_1_250' title='bbox 865 3397 911 3436; x_wconf 88' lang='lat' dir='ltr'><strong>res</strong></span> <span class='ocrx_word' id='word_1_251' title='bbox 923 3379 1029 3436; x_wconf 90' lang='lat' dir='ltr'><strong>habeat</strong></span> 
     </span>
     <span class='ocr_line' id='line_1_31' title="bbox 73 3477 1028 3556; baseline -0.002 -20"><span class='ocrx_word' id='word_1_252' title='bbox 73 3478 242 3551; x_wconf 81' lang='lat' dir='ltr'><strong>necessario,</strong></span> <span class='ocrx_word' id='word_1_253' title='bbox 266 3485 301 3538; x_wconf 90' lang='lat' dir='ltr'><strong>ut</strong></span> <span class='ocrx_word' id='word_1_254' title='bbox 321 3481 401 3540; x_wconf 86' lang='lat' dir='ltr'><strong>Deus</strong></span> <span class='ocrx_word' id='word_1_255' title='bbox 420 3498 484 3538; x_wconf 85' lang='lat' dir='ltr'><strong>non</strong></span> <span class='ocrx_word' id='word_1_256' title='bbox 507 3485 602 3556; x_wconf 88' lang='lat' dir='ltr'><strong>posset</strong></span> <span class='ocrx_word' id='word_1_257' title='bbox 624 3479 772 3538; x_wconf 88' lang='lat' dir='ltr'><strong>remittere</strong></span> <span class='ocrx_word' id='word_1_258' title='bbox 794 3483 946 3554; x_wconf 83' lang='lat' dir='ltr'><strong>peecatum</strong></span> <span class='ocrx_word' id='word_1_259' title='bbox 966 3477 1028 3535; x_wconf 89' lang='lat' dir='ltr'><strong>sine</strong></span> 
     </span>
     <span class='ocr_line' id='line_1_32' title="bbox 73 3576 1027 3656; baseline 0 -22"><span class='ocrx_word' id='word_1_260' title='bbox 73 3577 136 3634; x_wconf 90' lang='lat' dir='ltr'><strong>ulla</strong></span> <span class='ocrx_word' id='word_1_261' title='bbox 148 3577 335 3654; x_wconf 87' lang='lat' dir='ltr'><strong>dispositione</strong></span> <span class='ocrx_word' id='word_1_262' title='bbox 345 3584 473 3656; x_wconf 83' lang='lat' dir='ltr'><strong>exparte</strong></span> <span class='ocrx_word' id='word_1_263' title='bbox 486 3579 663 3656; x_wconf 79' lang='lat' dir='ltr'><strong>peccatoris?</strong></span> <span class='ocrx_word' id='word_1_264' title='bbox 702 3579 761 3638; x_wconf 86' lang='lat' dir='ltr'><strong>Hie</strong></span> <span class='ocrx_word' id='word_1_265' title='bbox 771 3577 877 3636; x_wconf 91' lang='lat' dir='ltr'><strong>iterum</strong></span> <span class='ocrx_word' id='word_1_266' title='bbox 891 3576 1027 3635; x_wconf 89' lang='lat' dir='ltr'><strong>soindun·</strong></span> 
     </span>
     <span class='ocr_line' id='line_1_33' title="bbox 73 3677 1025 3757; baseline -0.001 -21"><span class='ocrx_word' id='word_1_267' title='bbox 73 3681 124 3736; x_wconf 89' lang='lat' dir='ltr'><strong>tur</strong></span> <span class='ocrx_word' id='word_1_268' title='bbox 145 3677 292 3756; x_wconf 74' lang='lat' dir='ltr'><strong>theologi:</strong></span> <span class='ocrx_word' id='word_1_269' title='bbox 314 3680 426 3755; x_wconf 87' lang='lat' dir='ltr'><strong>multis,</strong></span> <span class='ocrx_word' id='word_1_270' title='bbox 452 3679 617 3757; x_wconf 84' lang='lat' dir='ltr'><strong>praesertim</strong></span> <span class='ocrx_word' id='word_1_271' title='bbox 638 3678 781 3754; x_wconf 69' lang='lat' dir='ltr'><strong>neonem,</strong></span> <span class='ocrx_word' id='word_1_272' title='bbox 804 3677 1025 3751; x_wconf 79' lang='lat' dir='ltr'><strong>affirmantibus,</strong></span> 
     </span>
    </p>
   </div>
   <div class='ocr_carea' id='block_1_4' title="bbox 0 0 1212 4292">
    <p class='ocr_par' dir='ltr' id='par_1_6' title="bbox 0 0 1212 4292">
     <span class='ocr_line' id='line_1_34' title="bbox 0 0 1212 4292; baseline 0 0"><span class='ocrx_word' id='word_1_273' title='bbox 0 0 1212 4292; x_wconf 95' lang='lat' dir='ltr'><strong> </strong></span> 
     </span>
    </p>
   </div>
  </div>
 </body>
</html>
