2424 4300
61 402 148 446 mse.
166 380 215 468 v.]
269 381 327 448 De
344 383 464 449 Gratz'a
479 383 572 450 Med.
589 389 621 450 el
632 386 668 449 E
671 379 917 470 len-postitio.
969 403 1028 467 139

59 695 165 756 PARS
189 695 394 757 SECUNDA.
404 695 486 755 —Dn
501 699 743 756 Psnsnvnnsnnn
765 715 844 756 soen
857 715 892 755 ιιι
906 715 1028 756 sconem

421 815 425 824 ’
481 815 622 856 suenus.

271 978 287 1058 5
306 983 332 1040 1.
356 979 457 1040 Status
475 979 639 1050 Quaestione}
652 979 820 1057 explicatur.

99 1166 148 1222 50.
171 1162 309 1230 Quaestio
324 1166 367 1223 est
385 1164 434 1223 hie
455 1163 490 1223 de
510 1163 723 1241 perseverantia
742 1164 781 1236 10,
793 1161 868 1240 justi
883 1162 1029 1240 (peooator

58 1261 135 1319 enim
150 1281 213 1321 non
227 1263 345 1339 indiget
365 1263 476 1322 auxilio
490 1263 526 1321 ed
539 1263 782 1340 perseverandum
795 1263 827 1321 in
836 1263 963 1340 justitie,
978 1263 1028 1322 sed

59 1359 95 1417 od
109 1380 175 1420 eam
189 1361 406 1441 accipiendam)
421 1363 464 1437 2⁰,
474 1361 506 1421 in
516 1363 710 1422 conservande
720 1362 838 1441 justitia
848 1382 936 1440 quam
948 1383 1028 1424 nune

59 1458 156 1520 hebet.
208 1463 253 1522 Et
273 1463 336 1522 haee
356 1463 573 1540 perseverentia
597 1462 707 1540 triplex
731 1468 784 1536 est,
808 1482 881 1540 pure
900 1463 1025 1540 passive,

59 1577 133 1635 pure
154 1561 266 1633 activa,
289 1561 384 1622 notive
407 1567 437 1621 et
459 1562 574 1640 passiva
596 1562 769 1638 eonjunotae.
811 1561 1029 1622 Perseverantia

59 1678 131 1734 pure
152 1661 286 1738 passive,
311 1681 363 1722 seu
386 1665 421 1721 ut
444 1662 486 1722 sio
505 1666 642 1739 speeteta,
669 1667 714 1721 est
735 1661 903 1738 eonjunetio
926 1661 1028 1720 mortis

61 1777 126 1818 oum
140 1765 223 1821 stetu
239 1761 343 1838 gretiae
357 1762 584 1840 (perseverentia
603 1761 708 1834 finalis,
724 1759 819 1838 gretia
832 1759 937 1834 finalis,
953 1761 1028 1818 bona

59 1862 156 1939 mors).
198 1861 421 1921 Perseverentio
430 1861 524 1920 active
534 1866 578 1921 esi
589 1861 750 1921 constantie
759 1861 852 1920 adulti
866 1861 897 1918 in
908 1859 1028 1938 justitia

61 1964 178 2036 ooeeptn
192 1961 391 2020 conservande
411 1961 499 2039 (bone
518 1961 604 2039 vita).
645 1960 863 2020 Perseverantia
882 1961 945 2020 haeo
958 1979 1026 2019 eon·

61 2055 177 2118 tinnata
190 2079 286 2137 usque
300 2061 335 2118 nd
350 2065 473 2119 mortem
486 2060 627 2119 inclusive
639 2064 794 2138 utramque
807 2059 967 2138 conjungit.

100 2158 188 2217 *ion
212 2159 439 2219 Perseverentiae
449 2179 522 2236 pure
536 2159 657 2238 pessivae
669 2159 805 2237 exempla
815 2164 883 2218 sunt
892 2158 924 2217 in
932 2158 1026 2217 infen-
1114 2189 1116 2194 ·

63 2253 140 2316 tibus
153 2257 325 2336 baptizetis,
339 2264 406 2318 ente
419 2279 505 2318 usum
518 2259 640 2318 rationis
653 2259 791 2336 adeptum
805 2257 975 2330 exstinetis;
996 2257 1028 2316 in

64 2354 170 2415 adultis
179 2358 390 2435 peecatoribus,
403 2358 463 2436 qui,
474 2378 526 2436 per
540 2358 742 2418 contritionem
752 2362 803 2416 eui
813 2356 1025 2417 absolutionem

61 2449 230 2528 justificati,
256 2457 355 2516 stetim
369 2476 385 2516 e
398 2457 462 2516 vita
484 2457 640 2516 excedunt.
681 2455 945 2516 Grammatioaliter
964 2455 1028 2514 haee

65 2553 159 2612 forsan
173 2556 302 2632 rigorose
316 2556 533 2634 perseverantia
555 2575 614 2615 non
636 2556 722 2616 debet
737 2554 856 2615 vocari:
880 2554 1030 2630 analogice

66 2653 162 2713 temen
178 2661 208 2715 et
222 2655 384 2732 theologice
403 2656 446 2716 ite
458 2656 555 2716 voeeri
575 2659 687 2734 potest3
708 2665 765 2715 tum
776 2655 845 2732 quia
858 2654 950 2714 omnis
963 2673 1025 2730 per·

66 2756 235 2814 severenoiae
249 2753 436 2834 omniumque
458 2755 617 2832 gratiarum
631 2774 785 2826 summum,
800 2753 867 2812 finis
881 2757 911 2813 et
924 2771 1028 2812 eorono

66 2857 123 2925 est3
144 2863 202 2914 tom
217 2855 286 2932 quio
300 2855 424 2915 eundem
435 2855 569 2915 effectum
578 2853 761 2916 essentialem
774 2855 862 2914 habet
876 2873 907 2913 as
921 2851 1026 2912 sicum

69 2954 280 3023 perseverantia
303 2955 398 3014 notive
425 2955 580 3032 conjuncte
603 2961 701 3026 esset3
722 2953 801 3014 etin
821 2952 887 3012 istis
907 2951 1027 3012 infanti·

70 3046 131 3122 bus,
157 3057 208 3114 &o
240 3054 414 3114 “rationem
442 3055 665 3132 perseverantiae
692 3055 781 3115 hebet
807 3053 871 3131 ipsa
893 3071 969 3112 mors
995 3051 1028 3110 in

71 3151 171 3225 gretie,
185 3156 275 3232 juxte
287 3154 381 3213 illude
407 3155 538 3231 ‘Raptus
551 3159 604 3228 est,
620 3175 657 3214 ne
671 3153 785 3214 malitie
797 3155 925 3213 mutaret
939 3151 1027 3212 intel-

71 3243 177 3311 lectum
191 3253 281 3331 [ejus'
299 3253 317 3282 '’
369 3254 491 3326 Soennz,
517 3254 553 3314 de
575 3252 843 3326 Praedestinetione,
867 3253 887 3310 1.
908 3257 935 3325 3,
956 3270 979 3310 e.
999 3255 1026 3322 3,

27 3405 29 3410 .
74 3361 100 3402 n.
123 3349 151 3408 7.
201 3353 615 3430 Voeetu1·eutempessive;
647 3353 717 3430 quia
739 3353 824 3411 homo
845 3350 921 3408 nihil
941 3349 974 3408 in
995 3369 1029 3408 eo

74 3441 201 3510 habenda
214 3457 353 3530 operatur
365 3457 417 3512 eut
430 3457 606 3529 cooperatur,
620 3453 669 3512 sed
683 3472 712 3510 se
722 3471 795 3528 pure
805 3449 917 3528 passive
928 3451 1024 3508 tenet:

75 3560 176 3617 purum
190 3571 262 3630 opus
275 3556 319 3612 est
332 3552 389 3612 Dei
402 3551 552 3612 elementis
565 3556 597 3612 ei
609 3551 782 3623 miserentis,
804 3555 839 3609 ut
851 3548 998 3608 hominem
1012 3568 1027 3607 e

76 3642 147 3706 vivis
161 3670 193 3711 eo
208 3658 335 3730 tempore
347 3652 451 3730 eripiat
461 3672 519 3730 quo
530 3651 630 3729 justus
639 3658 699 3724 est;
721 3671 774 3710 nee
783 3654 868 3709 antee
877 3647 1026 3726 eripuerit,
