2424 4300
73 407 162 451 rusa.
181 382 233 470 a]
262 387 319 452 Da
336 384 455 452 Gratia
470 385 561 452 Med.
579 391 611 452 al
622 387 908 472 Eleu—position.
979 412 1034 472 151

347 734 402 814 §d
436 733 589 794 Solvuntur
608 734 781 812 Objeetioaoa.

118 895 168 960 77.
197 895 304 972 object.
324 899 347 952 l.
385 895 444 960 Qui
457 895 545 954 habet
555 915 566 972 J
572 915 604 953 us
619 896 655 954 ad
669 895 781 972 aliquid
795 896 1036 972 consequendum,

76 995 168 1054 habet
183 995 238 1072 jus
262 994 299 1053 ad
320 994 448 1052 medium
469 995 661 1054 necessarium
684 995 720 1052 ud
744 995 773 1052 id
796 995 1036 1072 consequendum.

78 1095 137 1153 Sed
146 1095 253 1171 justus
276 1095 364 1154 habet
380 1095 432 1172 jus
452 1095 488 1152 ad
503 1093 593 1152 vitam
613 1099 758 1167 aeternam,
782 1098 811 1154 et
828 1095 1042 1171 perseverantia

79 1199 124 1254 est
136 1195 276 1255 medium
289 1195 482 1255 necessarium
496 1196 532 1253 ad
546 1196 638 1255 vitam
653 1199 789 1254 aeternam
804 1196 1018 1272 assequendam.

120 1295 177 1354 78„
193 1295 284 1370 Respa
321 1293 362 1353 10.
384 1294 541 1370 Distinguo
563 1295 718 1372 majorem:
742 1293 801 1359 Qui
820 1294 870 1371 jus
889 1295 977 1353 habat
990 1297 1040 1352 ab·

80 1394 221 1468 solutum,
238 1399 290 1454 &a
312 1395 468 1456 Transeat:
492 1395 549 1463 Qui
557 1395 607 1472 jus
616 1396 704 1454 habet
713 1383 904 1454 conditionale
913 1399 1041 1454 tantum:

80 1495 317 1571 Subdistingno:
342 1497 362 1554 J
364 1515 398 1554 us
406 1495 494 1554 habet
503 1496 538 1554 ad
547 1495 683 1566 medium,
695 1495 853 1554 seeundum
863 1495 1042 1552 voluntatem

81 1599 109 1650 et
124 1593 344 1654 ordinationem
361 1595 539 1656 conditiones
558 1595 737 1674 apponentis,
758 1600 788 1655 at
801 1595 959 1654 seeundum
973 1614 1041 1652 oon·

81 1691 209 1753 ditiones
234 1694 321 1755 illas:
355 1697 503 1756 concedo:
535 1697 649 1755 Aliter:
683 1696 776 1770 Nega.
819 1695 862 1754 2⁰.
884 1695 1041 1770 Distinguo

81 1795 208 1867 primam
229 1799 346 1872 partem
367 1795 507 1854 minoris:
536 1796 555 1854 J
558 1815 590 1854 us
604 1796 692 1854 habet
712 1795 749 1853 ad
762 1793 829 1852 vitae
845 1799 960 1852 aeternas
974 1813 1040 1852 oon-

82 1891 275 1966 secntionem,
305 1898 369 1970 post
397 1895 553 1966 damasum,
589 1899 619 1954 et
646 1895 670 1953 si
692 1894 724 1952 in
748 1893 843 1970 gratia
869 1894 1039 1953 decesserit:

84 1990 238 2053 Concedo:
269 1993 392 2052 Aliter:
414 1995 506 2070 Nego.
549 1994 706 2070 Distinguo
734 1994 890 2052 secundam
911 1998 1039 2069 partam:

83 2086 305 2148 Perseverantia
325 2094 369 2148 est
382 2090 519 2161 medium,
536 2092 596 2164 dra,
622 2095 651 2150 et
669 2093 703 2150 ut
721 2091 821 2168 possit,
847 2090 873 2148 si
887 2090 966 2162 velit,
988 2091 1042 2148 hoo

84 2186 216 2248 medium
229 2190 347 2262 habere,
363 2208 400 2249 ex
413 2189 539 2266 benigna
553 2191 741 2266 promissione
754 2190 809 2249 Dei
820 2189 869 2266 jus
883 2190 988 2263 habet3
1013 2195 1043 2248 et

85 2305 160 2361 ergo,
181 2288 208 2347 si
222 2288 305 2362 velit,
326 2294 421 2366 potest
435 2308 616 2367 perseverare
633 2308 640 2347 ι
663 2289 812 2348 Conrado:
835 2289 855 2348 J
855 2307 890 2346 us
903 2288 991 2347 hab'et
1005 2289 1042 2346 ad

85 2383 177 2460 ipsam
192 2389 457 2464 perseverantiam:
484 2390 585 2465 Nego:
608 2388 739 2466 alioquin
754 2388 804 2464 jus
817 2389 937 2447 haberat
950 2389 1043 2446 omnis

83 2481 184 2557 justus
197 2493 234 2550 ut
244 2507 395 2565 nunquam
410 2487 556 2548 exoidaret
570 2507 587 2546 a
600 2489 702 2563 gratia,
720 2490 749 2546 et
758 2485 955 2545 inamissibilis
969 2493 1044 2545 esset

85 2580 213 2656 just'tia.

128 2682 176 2742 79.
201 2685 304 2763 object.
335 2691 361 2744 2.
385 2687 462 2762 Ergo
476 2683 692 2762 perseverantia
713 2702 771 2742 non
794 2689 837 2743 est
854 2684 885 2742 in
902 2688 1043 2760 potestate

86 2779 181 2854 justi:
206 2795 237 2845 et
251 2805 318 2861 ergo
332 2785 364 2843 in
377 2804 484 2844 vanum
499 2785 610 2844 laborat
624 2785 660 2843 ad
674 2804 737 2844 sam
751 2784 988 2860 consequendam.

129 2885 177 2943 80.
203 2887 288 2959 Reap.
325 2887 407 2959 Nego
434 2885 557 2961 primam
584 2884 824 2962 prospositionem
857 2884 952 2958 quoad
978 2903 1042 2959 per·

92 2984 284 3042 severantiam
298 2987 328 3042 et
342 2983 465 3042 activam
480 2987 509 3042 et
522 2984 684 3059 passivam:
706 2984 753 3042 vel
765 2984 937 3059 Distinguo:
974 2983 1003 3042 N
1006 3002 1043 3041 on

92 3084 134 3137 est
155 3079 188 3140 in
213 3083 276 3161 ejus
298 3087 440 3160 potestate
461 3084 595 3160 proxima
619 3103 685 3142 oum
708 3085 768 3143 sola
788 3084 881 3159 gratia
901 3082 1044 3142 habituali

94 3189 123 3230 et
140 3177 243 3250 gratiis
261 3180 309 3237 vel
332 3179 359 3236 ei
383 3178 538 3237 intrinsece
563 3178 676 3250 debitis,
693 3179 741 3237 vel
768 3178 869 3236 saltem
897 3179 1040 3249 omnibus

92 3278 251 3345 praesertim
269 3278 368 3356 justis,
393 3278 566 3354 impertitis:
596 3277 745 3337 Oonoedo:
770 3280 836 3336 Non
859 3280 902 3335 ast
925 3277 957 3334 in
980 3277 1043 3353 ejus

94 3373 235 3441 potestate
248 3367 374 3434 remota:
399 3375 456 3446 vel,
478 3374 502 3432 si
516 3374 618 3450 gratiis
632 3375 701 3446 illis,
722 3374 849 3432 maxime
868 3374 962 3448 gratia
980 3393 1042 3430 ora-

95 3462 193 3540 tionis,
207 3470 279 3530 bene
292 3475 402 3542 utatur,
423 3488 481 3528 non
495 3469 582 3528 estin
596 3469 658 3546 ejus
672 3472 815 3544 potestate
830 3468 970 3543 proxima,
993 3487 1044 3542 per

96 3563 206 3626 auxilia
219 3569 344 3629 actualia
358 3570 398 3628 sio
412 3569 572 3646 aequisita:
598 3571 698 3644 Nego:
721 3568 780 3627 vid.
797 3567 824 3625 d.
844 3571 890 3640 12,
907 3587 936 3625 n.
956 3570 1019 3624 165.

135 3667 181 3726 81.
210 3669 310 3744 Objart.
326 3674 353 3730 3.
382 3670 486 3744 Adam,
499 3673 534 3729 ut
546 3671 642 3746 posset
656 3685 846 3746 perseverare,
860 3685 919 3726 non
932 3665 1044 3744 indige·
