2430 4304
155 359 218 406 200
507 339 563 402 De
581 336 711 403 Grata.
933 339 1031 422 [mer.
1048 361 1115 407 vn.
1204 353 1205 412 g

154 506 182 564 S.
210 506 333 563 Dootore
360 504 495 573 traditur,
516 498 560 562 ¹ut
586 504 617 561 in
643 506 727 562 Hom.
756 507 794 565 47
823 504 873 580 (al.
897 505 949 582 46)
970 505 1003 562 in
1022 507 1113 576 Joan,

152 626 180 664 n.
196 613 213 663 4
230 610 439 680 :-‘1vapa6=qe
458 603 499 660 ὃτι
522 627 554 660 ov
570 608 702 678 βιαζεται
724 602 741 682 ἢ
761 609 869 679 utpote,
886 627 984 664 σκοπει
1001 629 1116 663 ποσους·

152 708 260 780 συνεβη
275 729 332 761 των
354 711 518 781 κληθεντων
540 709 708 763 amaseam.
750 709 836 760 Ὀθεν
851 707 988 779 φανερον,
1005 704 1048 761 ὁτι
1063 731 1114 763 και

131 815 185 860 ἐν
199 827 233 897 ap
248 828 350 883 ‘propp
366 828 454 864 κειται
477 827 512 898 tp
535 802 655 884 ἡμετερᾳ
668 827 699 860 το
714 809 837 880 σωθηνηι
864 828 908 861 και
932 811 1110 867 amaea-Oai.

154 905 226 963 “Ut
246 878 340 964 discat
360 905 540 966 vocationem
561 925 620 963 non
642 904 702 964 vim
725 905 842 974 inferre,
866 907 1014 982 perpende
1037 912 1114 984 quot

150 1007 245 1065 vooati
268 1006 416 1083 perierint
457 1007 544 1066 Unde
567 1007 662 1083 palam
685 1009 737 1078 est,
767 1006 800 1064 in
819 1011 917 1064 nostro
937 1007 1023 1067 sitam
1046 1027 1113 1068 esse

150 1104 269 1164 arbitrio
282 1105 331 1164 vel
345 1106 468 1165 salutem
480 1107 528 1164 vel
538 1105 696 1182 perniciem
710 1103 864 1164 nostram.''

191 1209 236 1262 28.
260 1205 356 1263 “Non
380 1205 479 1264 servili
502 1206 537 1263 ad
563 1205 754 1264 obediendum
768 1203 995 1280 constringimur
1008 1225 1110 1265 neces-

149 1305 243 1376 sitate,
259 1305 309 1362 sed
321 1305 473 1364 voluntate
487 1305 605 1376 arbitra,
622 1307 682 1364 eive
696 1305 732 1362 ad
745 1304 885 1364 virtutem
895 1306 1111 1382 propendemus

149 1403 210 1462 sive
232 1404 268 1463 ad
288 1403 405 1480 eulpam
427 1402 632 1463 inclinamur.”
655 1405 683 1463 S.
710 1407 889 1476 Auuaosms,
914 1403 949 1462 de
969 1406 1063 1464 Jacob
1078 1410 1111 1464 et

148 1503 211 1562 nita
225 1503 315 1571 beata,
330 1503 349 1560 l.
369 1506 434 1575 l,o.
454 1507 478 1573 l,
494 1523 523 1560 n.
543 1508 567 1561 l.
647 1524 649 1530 ¹

189 1608 236 1663 29.
259 1604 324 1662 Non
339 1603 401 1662 sine
422 1623 533 1662 nummu
556 1603 675 1662 audacia
697 1605 726 1662 S.
742 1605 938 1662 Auoosruuuu
959 1604 1111 1680 appellant

149 1705 313 1777 adversarii,
340 1705 424 1782 quasi
446 1705 498 1763 ille
522 1725 622 1763 eorum
645 1703 735 1763 errori
757 1705 887 1764 faveret:
910 1723 976 1762 oum
997 1703 1108 1781 inipso

149 1805 267 1864 exordio
291 1805 385 1880 operis
408 1805 454 1864 sui
479 1806 545 1864 “de
568 1799 662 1881 gratia
685 1809 713 1864 et
736 1804 828 1864 libero
851 1803 1000 1864 arbitrio’'
1021 1805 1059 1882 (o.
1077 1807 1107 1882 1)

148 1924 273 1964 errorem
293 1905 384 1966 iatum
407 1906 482 1964 olare
505 1905 552 1963 his
573 1905 669 1964 verbio
688 1905 783 1982 rejioit
793 1910 862 1971 ;—“
873 1905 950 1964 Sunt
975 1905 1105 1982 quidam,

150 2004 202 2080 qui
217 2004 257 2062 sio
271 2005 394 2080 gratiam
408 2005 464 2063 Dei
478 2005 645 2077 defendunt,
661 2010 696 2063 ut
708 2008 816 2080 negent
834 2003 959 2062 hominia
979 2003 1106 2063 liberum

149 2105 326 2176 arbitrium
347 2110 407 2176 aut,
433 2107 548 2182 quando
570 2106 664 2182 gratia
685 2104 860 2180 defenditur,
884 2104 984 2181 negari
1002 2105 1104 2164 existi·

149 2211 229 2264 ment
242 2206 366 2264 liberum
381 2205 565 2266 arbitrium.”
899 2193 902 2202 ¹

189 2309 234 2363 30.
256 2305 338 2363 Idem
359 2305 454 2364 adhue
476 2305 582 2364 olariua
605 2305 635 2364 in
660 2305 767 2364 Psalm.
791 2305 838 2378 78,
855 2324 884 2364 n.
901 2307 947 2376 12,
963 2303 995 2362 in
1005 2305 1101 2374 verba,
1204 2361 1205 2388 ¹

150 2411 169 2440 “
179 2405 297 2482 Adjuva
310 2424 370 2478 nos,
382 2405 462 2464 Deua
475 2405 714 2465 salutarienoster
725 2403 819 2462 =”-—“
831 2404 903 2463 (turn
912 2404 1045 2481 adjuvari
1053 2424 1104 2462 nos
1204 2463 1205 2468 χ

148 2507 223 2578 vult,
236 2525 287 2564 neo
301 2506 433 2581 ingratus
453 2510 496 2566 est
518 2506 629 2582 gratiae,
644 2525 697 2565 neo
710 2504 790 2565 tollit
802 2505 928 2564 liberum
941 2505 1102 2564 arbitrium.

150 2605 208 2675 Qui
222 2605 298 2663 enim
312 2606 476 2683 adjuvatur,
492 2607 580 2665 etiam
594 2626 645 2682 per
659 2605 785 2682 seipsum
805 2605 919 2682 aliquid
933 2604 1024 2679 agit.”
1064 2605 1103 2663 at

148 2706 263 2776 iterum,
294 2705 383 2764 Serm.
410 2708 475 2776 156,
501 2725 530 2763 n.
566 2708 608 2776 11,
630 2704 663 2764 in
681 2705 769 2764 verba
792 2704 934 2781 Apostoli,
960 2705 1044 2762 Rom.
1074 2706 1100 2774 8,

150 2801 325 2881 “Quotquot
335 2804 448 2880 Spiritu
460 2805 515 2863 Dei
526 2808 663 2880 aguntur,
674 2804 707 2862 hi
721 2804 852 2864 euntfilii
860 2802 1014 2862 Dei:”-“
1023 2801 1103 2860 Dicit

148 2903 223 2962 mihi
249 2902 364 2979 aliquis,
400 2904 475 2979 Ergo
504 2905 626 2979 agimur,
659 2923 718 2962 non
745 2904 867 2980 agimus.
922 2901 1100 2978 Respondeo,

148 3005 242 3062 Immo
267 3009 297 3061 et
319 3002 382 3086 agia¹
405 3008 434 3060 et
457 3004 569 3077 ageris:
596 3009 625 3064 et
647 3009 718 3063 tuno
744 3005 816 3063 bone
840 3003 911 3079 agie,
941 3003 966 3061 ei
993 3004 1102 3062 abono

149 3103 252 3178 agaris.
304 3101 430 3178 Spiritus
452 3104 529 3161 enim
553 3104 616 3176 Dei,
640 3105 694 3183 qui
713 3110 742 3166 te
769 3105 839 3180 agit,
861 3105 960 3181 agenti
987 3104 1103 3180 adjutor

149 3203 273 3264 esttibi.
317 3205 416 3280 Ipsum
431 3223 533 3262 nomen
556 3205 698 3281 adjutoris
719 3204 880 3283 praeseribit
900 3204 964 3277 tibi,
985 3204 1055 3280 quia
1074 3209 1102 3264 et

148 3304 264 3380 tuipse
288 3302 400 3381 aliquid
419 3302 510 3379 agis.'’
562 3305 602 3362 Et
622 3306 729 3364 iterum
750 3304 821 3364 ibid.
844 3323 874 3363 n.
905 3307 941 3361 13
955 3305 1102 3362 :-“Non

149 3401 227 3462 enim
241 3402 357 3481 adjutor
370 3405 414 3462 est
427 3402 485 3474 ille,
509 3402 534 3462 si
553 3403 630 3462 nihil
644 3403 752 3480 agatis:
775 3424 833 3463 non
847 3403 925 3462 enim
937 3407 1103 3480 cooperator

148 3507 192 3564 est
204 3504 263 3577 ille,
280 3505 309 3563 ei.
318 3503 392 3563 nihil
406 3503 593 3580 operamini.’'

188 3610 236 3664 31.
258 3606 368 3666 Eodem
390 3605 514 3682 deniquo
537 3625 618 3666 num.
643 3625 732 3684 prope
752 3606 840 3666 finem
862 3606 926 3666 haeo
947 3604 1036 3664 habet
1052 3621 1091 3664 :-

9 3697 11 3776 t
