2410 4318
137 397 199 463 252
507 369 563 438 Dc
581 363 710 438 Graec.
901 359 1000 452 [ruse.
1016 382 1092 431 vur.
1198 415 1199 428 ,

135 567 202 607 eum
218 546 287 606 actu
304 544 356 602 eut
369 561 436 603 curn
454 537 665 618 preerequisitis
678 538 783 596 natura
797 537 913 594 tontum
928 535 964 591 od
985 536 1095 603 actum,

135 667 195 708 non
205 646 370 718 actum,cut
380 646 476 702 actum
487 640 663 724 oppositum:
680 641 715 697 ut
725 638 749 696 si
760 637 848 708 dicus,
862 643 869 670 ‘
883 635 988 694 sedens
997 639 1097 710 potest

136 745 233 819 stare,’
257 743 404 822 signifieat
426 742 458 802 in
480 761 566 800 sensu
589 738 745 816 composito
773 737 854 814 quod
876 735 970 813 possit
994 735 1096 793 sedere

113 831 115 834 ⁵
137 847 277 906 simulet
301 849 385 918 sture,
410 863 462 904 seu
486 861 654 920 componere
679 839 836 899 sessionem
863 858 931 898 cum
958 837 1096 896 statione.

138 946 245 1006 Sensus
259 945 369 1004 divisus
384 943 490 1002 dividit
507 946 604 1002 actum
623 961 682 999 non
697 937 859 1015 opolentia
874 939 911 997 ed
925 957 984 996 non
998 943 1098 996 actum

139 1065 190 1105 seu
204 1050 300 1105 actum
320 1043 494 1122 oppositum,
516 1044 565 1102 sed
580 1063 597 1100 a
610 1061 668 1101 non
688 1045 755 1100 actu
769 1045 884 1099 tontum
906 1058 958 1098 seu
978 1037 1097 1114 absecto

140 1146 290 1224 opposito:
312 1148 347 1203 ut
371 1143 506 1216 ridicas,
531 1143 648 1202 ‘sedens
666 1147 763 1226 potest
785 1138 881 1212 storc,’
904 1137 1096 1214 significatio

140 1265 226 1305 sensu
246 1243 339 1304 diviso
354 1243 433 1320 quod
453 1243 552 1302 sedens
573 1243 626 1302 sub
649 1241 773 1301 sessione
789 1240 914 1299 retineat
934 1239 1098 1316 potentiam

141 1345 246 1420 standi,
270 1349 439 1404 nontamen
454 1344 642 1422 componendi
661 1343 751 1401 simul
775 1342 929 1400 stationem
951 1359 1019 1398 cnm
1040 1343 1104 1398 ses-'

141 1445 230 1506 sione.
273 1446 338 1505 Uno
352 1447 448 1516 verbo,
470 1465 570 1504 sensus
589 1444 765 1521 compositus
783 1444 923 1520 importat
935 1443 1099 1519 potentiam

141 1546 309 1620 simultatis,
332 1566 432 1642 sensus
446 1546 556 1606 divisus
570 1547 748 1606 simultatem
762 1545 910 1622 potentiee.

182 1647 230 1704 47.
266 1641 395 1702 “Aliter
422 1641 560 1700 Calvinus
586 1640 736 1700 intellexit
769 1641 843 1698 hanc
870 1639 1099 1698 distinctionem.

143 1742 312 1803 Secundum
335 1742 420 1800 illurn
442 1761 543 1800 sensus
563 1741 739 1818 compositus
760 1739 906 1816 componit
920 1745 1021 1798 actum
1035 1759 1101 1798 cum

142 1842 274 1920 potentio
293 1843 329 1901 ad
349 1862 407 1901 non
429 1848 535 1914 ectum,
558 1847 587 1900 et
607 1843 655 1901 hic
676 1845 720 1901 est
741 1861 841 1901 sensus
861 1845 960 1900 noster
976 1841 1098 1900 divisus.

144 1944 251 2002 Sensus
271 1946 370 2001 eutem
391 1942 454 2020 ejus
477 1941 589 2000 divisus
610 1941 718 2001 dividit
739 1943 774 2000 ob
796 1945 864 2000 ectu
886 1940 1052 2017 potentiam
1065 1941 1101 1998 ed

143 2063 202 2102 non
216 2045 322 2114 actum,
343 2041 387 2102 ita
406 2048 441 2101 ut
450 2043 540 2120 juxta
559 2043 645 2102 illum
659 2047 816 2120 praemotus
830 2042 867 2100 ad
880 2043 1029 2118 agendum
1042 2061 1100 2100 non

143 2143 233 2220 possit
246 2162 305 2202 non
319 2163 402 2219 ogere
416 2143 448 2202 in
463 2164 550 2204 sensu
564 2145 730 2222 composito,
752 2145 784 2204 id
798 2150 851 2217 cst,
868 2149 964 2204 stante
978 2164 1102 2221 praemo-

144 2245 223 2304 tione
245 2265 301 2303 non
325 2245 413 2304 hebet
435 2245 596 2321 potentiam
617 2266 676 2306 non
699 2245 820 2324 egendi3
842 2246 935 2323 possit
959 2247 991 2304 in
1016 2265 1103 2304 sensu

145 2343 247 2416 diviso,
270 2343 374 2417 idest,
405 2346 520 2404 sublata
540 2347 728 2422 praemotione
748 2347 836 2406 habet
857 2345 1021 2423 potentiam
1045 2365 1103 2403 non

145 2443 269 2520 agendi:
293 2444 379 2515 sicut,
401 2445 550 2520 inquiunt,
572 2445 690 2506 vinctus
710 2447 820 2505 cetenis
833 2467 891 2506 non
904 2447 994 2506 hebet
1006 2449 1101 2522 potes·

145 2553 237 2607 tatem
264 2550 399 2608 currendi
423 2551 455 2610 in
479 2571 565 2610 sensu
592 2551 759 2628 composito,
786 2549 814 2609 id
838 2555 890 2622 est,
914 2552 1102 2611 manentibus

145 2650 273 2708 vinculis
288 2674 296 2720 3
317 2652 406 2711 habet
419 2654 579 2730 potentiam
591 2654 726 2712 currendi
740 2653 772 2710 in
785 2672 871 2712 seusu
881 2653 984 2726 diviso,
1000 2654 1032 2712 id
1047 2659 1100 2726 cst,

147 2745 270 2805 sublatis
284 2746 419 2808 vinculis.
459 2749 550 2808 Hunc
571 2769 688 2808 sensum
708 2749 887 2822 hereticum,
911 2770 1000 2826 quem
1021 2752 1101 2810 dom·
1122 2785 1126 2791 ·

147 2861 251 2900 narnus
269 2845 299 2899 et
313 2862 493 2916 execramur,
509 2864 568 2903 non
582 2847 761 2904 erubuerunt
779 2845 935 2923 aliquando
948 2847 1035 2907 nobis
1048 2847 1102 2906 im-

146 2958 252 3014 ponere
267 2941 387 3017 quidam
401 2944 662 3003 adversariorum.”
684 2964 686 2968 ·

188 3047 236 3103 48.
259 3043 316 3103 Sed
337 3045 384 3104 his
407 3051 492 3106 antea
509 3049 582 3107 benc
601 3049 791 3125 respondebat
812 3049 950 3108 Arrorus
974 3052 1105 3128 (scripsit
1200 3093 1201 3100 1

149 3146 215 3208 ciro.
230 3167 276 3207 en.
292 3149 553 3221 strumonem.
568 3172 614 3214 on.
629 3154 727 3231 1750),
744 3155 779 3212 dc
793 3153 901 3228 Gratia,
917 3140 938 3214 1'.
954 3175 979 3215 o.
994 3156 1011 3236 ς
1026 3163 1105 3218 2:-

151 3247 226 3306 “Ut
239 3248 387 3308 distinctio
402 3269 501 3310 sensus
514 3252 666 3328 compositi
679 3259 709 3312 et
723 3253 809 3312 divisi
822 3255 913 3314 salvet
926 3256 1102 3332 libertatem,

150 3366 251 3406 sensus
265 3348 375 3408 divisus
399 3351 485 3410 debet
498 3372 558 3410 esso
583 3353 614 3410 in
638 3357 780 3429 potestate
794 3355 961 3426 voluntatis,
976 3358 1031 3417 hoc
1054 3365 1106 3430 est,

149 3448 285 3509 voluntas
308 3451 393 3510 debet
407 3471 488 3529 posse
506 3455 608 3513 tollere
625 3454 665 3527 id,
681 3455 711 3513 in
736 3455 819 3532 cujus
835 3477 927 3534 sensu
950 3463 1108 3538 composito

150 3550 274 3608 alterurn
284 3555 448 3628 oppositum
457 3574 513 3613 non
525 3559 628 3642 potest.
650 3599 658 3616 .
679 3599 687 3617 .
708 3601 715 3616 .
738 3557 794 3616 Sed
804 3577 903 3617 seusus
914 3559 1027 3619 divisus
1035 3581 1107 3638 pror·

151 3649 398 3714 determinationis
405 3656 533 3734 physicae
542 3676 600 3716 non
609 3657 693 3718 estin
701 3663 843 3738 potestate
853 3660 1109 3724 plumarimum
1200 3715 1201 3718 η
