2402 4292
34 372 132 468 men.
151 400 259 486 vus]
316 397 494 464 Concordia
512 397 640 465 Gratiis
655 403 688 464 oi
699 395 889 468 Libertatis.
969 423 1029 488 293

85 567 163 630 127.
195 565 355 632 Conclusio
377 564 459 626 totius
478 565 686 642 disputationis.
738 566 816 634 Quid
840 587 907 646 ergo
930 569 966 630 dc
984 569 1032 630 his

36 667 278 748 systematibus
294 659 297 663 ’
312 665 469 725 dicendum
501 665 568 726 cst?
617 667 743 734 Quidam
767 673 887 728 censent
913 670 1031 729 modum

38 790 102 849 quo
134 769 248 848 gratia
278 767 310 826 in
336 767 419 828 nobis
444 771 579 844 operatur
607 789 668 829 esso
694 789 810 847 prorsus
837 769 1029 848 incognitum,

39 875 154 950 utpote
172 871 214 930 de
231 889 297 948 quo
310 869 388 928 nihil
401 876 445 928 est
458 869 629 943 revelatum,
645 873 675 930 et
688 890 756 946 ergo
777 871 874 931 omnia
887 872 923 932 dc
932 873 986 933 hcc
999 893 1032 934 ra

41 975 221 1052 systemata
243 989 320 1042 esse,
345 989 378 1029 co
400 969 462 1047 ipso
485 975 516 1030 et
542 971 744 1045 essentialiter,
760 972 882 1033 incerta.
924 974 1052 1034 Censeo·

42 1076 103 1134 hoc
116 1093 238 1134 verum
254 1091 316 1132 non
330 1091 401 1143 esse,
417 1075 448 1132 ct
462 1072 560 1132 dehac
570 1073 693 1132 materia
703 1092 764 1132 essa
779 1073 940 1134 doctrinam
948 1095 1030 1136 reve·

42 1175 153 1249 latam,
168 1193 258 1253 quas,
276 1173 331 1234 etsi
345 1174 440 1233 adhuc
459 1173 494 1233 ab
519 1173 652 1234 Ecclesia
672 1193 731 1234 non
745 1173 783 1234 sit
797 1174 926 1248 definita,
951 1179 1024 1236 bene

47 1275 182 1334 definiri
198 1277 316 1353 potest.

93 1379 165 1434 128.
190 1374 282 1442 Quid
302 1373 365 1450 ipsc
387 1373 423 1432 de
444 1371 505 1430 illis
530 1372 736 1451 systematibus
750 1373 874 1434 sentiam
887 1374 966 1450 hapd
981 1376 1030 1436 ob-

53 1493 144 1534 scure
168 1473 205 1532 in
231 1473 272 1532 iis
296 1471 475 1549 exponendis
496 1471 678 1550 insinuatum
702 1479 755 1533 ost.
796 1473 904 1534 Censeo
919 1475 944 1540 I.
958 1493 1031 1552 prse-

52 1573 224 1634 motionem
254 1571 406 1650 physicam
434 1555 595 1641 Tlidmiomi
628 1571 759 1632 absolute
786 1575 817 1634 et
843 1573 960 1633 omnino
987 1593 1032 1635 re-

50 1672 226 1748 jiciendam
250 1691 321 1741 osse,
346 1674 376 1731 et
398 1670 429 1730 id
454 1672 489 1730 ob
503 1671 632 1730 rationes
654 1691 741 1748 supra
765 1672 858 1747 datas,
873 1692 903 1734 n.
919 1677 1027 1735 32-68.
1083 1753 1085 1757 Ι

58 1771 173 1832 Censeo
203 1771 256 1831 II.
284 1774 410 1848 systema
440 1771 691 1848 Augustinianum
724 1775 755 1831 et
787 1772 1031 1850 Congruistioum,

58 1890 149 1930 sensu
164 1872 308 1950 exposito
318 1889 347 1930 n.
360 1873 397 1932 87
408 1873 439 1930 et
452 1874 518 1944 125,
535 1890 595 1930 essa
609 1871 717 1948 pariter
731 1871 861 1932 absoluto
875 1875 905 1932 ct
918 1872 1034 1934 omnino

60 1971 276 2048 rejiciendum,
302 1989 415 2048 nempe,
441 1969 494 2030 illa
517 1975 675 2048 systemata
695 1971 852 2050 rejicienda
873 1991 942 2045 esse,
958 1991 1030 2050 qua-

61 2075 152 2133 tenus
166 2073 207 2134 ad
221 2091 330 2132 omnam
343 2070 466 2148 gratiam
490 2072 632 2133 efficacem
652 2072 775 2150 exigunt
799 2073 887 2134 istam
907 2073 1031 2136 delacta-

64 2172 179 2233 tionem
193 2171 320 2232 relative
333 2170 483 2230 victricem
498 2179 549 2232 aut
562 2172 774 2248 congruitatem
787 2172 883 2233 istam.

108 2278 178 2333 129.
203 2273 313 2334 Censeo
327 2275 425 2332 autem
436 2272 493 2330 111.
508 2273 580 2332 bene
591 2273 707 2332 defendi
721 2293 811 2351 posse,
825 2274 883 2332 imo
897 2277 928 2334 ct
940 2273 1032 2334 voris·

67 2371 176 2432 simum
190 2393 264 2445 csse,
276 2371 337 2430 dari
351 2371 508 2449 aliquando
518 2372 627 2448 gratias
640 2372 839 2433 delectationis
853 2373 896 2452 (ot
909 2373 1030 2448 timoris,

69 2474 135 2551 dcc.)
162 2475 290 2535 relative
313 2472 443 2532 victricis
467 2478 498 2532 et
523 2473 631 2550 gratias
654 2493 804 2550 congruas.
845 2474 911 2533 Imo
934 2494 1045 2537 censeo.

71 2574 219 2648 ejusmodi
241 2573 351 2650 gratias
373 2593 432 2632 non
454 2573 549 2632 solum
572 2574 653 2632 datas
674 2573 765 2632 fuisse
788 2573 820 2631 in
840 2572 906 2631 istis
919 2573 1035 2634 casibus

71 2676 294 2735 conversionum
322 2675 562 2756 extraordinariis
589 2679 619 2734 et
650 2673 839 2744 miraculosis,
867 2674 916 2732 sed
944 2673 1032 2733 etiam

75 2774 206 2848 quotidie
220 2773 283 2832 dari
297 2773 328 2832 in
339 2774 479 2848 Ecclesia,
496 2779 525 2833 et
536 2774 626 2850 justis
640 2778 675 2833 ut
689 2775 725 2832 ad
740 2773 855 2832 altiores
870 2773 1033 2832 sanctitatis

73 2873 181 2946 gradus
195 2874 361 2944 ascendant,
387 2878 418 2933 at
437 2873 645 2950 peccatoribus,
662 2878 692 2933 ct
703 2873 790 2933 etiam
803 2872 917 2948 magnis
931 2892 1030 2950 pecca·

76 2971 187 3032 toribus
201 2974 247 3051 (in
261 2973 451 3034 Missionibus
472 2975 657 3053 prasertim),
685 2975 738 3053 qui
763 2975 799 3034 ad
820 2975 917 3036 Deum
938 2974 1034 3034 subito

78 3075 108 3128 ct
120 3076 181 3132 toto
196 3075 281 3134 corde
291 3079 509 3134 convertuntur.

122 3175 186 3232 130.
208 3175 341 3233 Medulla
351 3178 381 3235 et
392 3175 514 3234 essentia
523 3175 686 3252 systematis
697 3175 827 3234 Moannn
841 3175 883 3252 (n.
901 3176 950 3243 89.
966 3173 1033 3251 uc.)

81 3266 112 3328 in
126 3290 158 3330 eo
173 3278 225 3342 est,
241 3275 319 3351 qnod
340 3275 429 3334 omnio
452 3273 545 3351 gratia
567 3274 598 3332 in
623 3294 653 3334 se
676 3273 778 3334 efficax
791 3277 835 3334 est
848 3274 885 3332 ad
899 3274 986 3332 finem
1001 3273 1033 3332 in

84 3386 167 3444 quem
176 3373 262 3432 datur
271 3375 490 3452 assequendum,
507 3378 536 3434 et
546 3373 619 3448 idco,
630 3373 655 3432 si
667 3393 725 3433 non
735 3373 873 3433 sortiatur
886 3373 1032 3446 effectum,

86 3465 114 3524 id
128 3472 221 3532 totum
235 3475 420 3534 tribuendum
444 3479 488 3534 est
509 3474 600 3534 libero
621 3474 739 3534 arbitrio
753 3473 853 3550 gratiss
867 3472 1034 3547 resistenti3

86 3562 127 3624 ita
146 3574 179 3628 ut
191 3573 266 3651 ,fieri
288 3573 379 3650 possit
400 3574 478 3651 quod
500 3575 632 3646 duorum,
654 3574 760 3650 quibus
774 3573 876 3651 aquale
890 3571 1035 3631 auxilium
1062 3654 1069 3665 ι

86 3668 191 3745 gratioe,
204 3671 236 3730 in
249 3672 352 3733 iisdem
367 3675 454 3735 etiam
469 3674 704 3748 circumstantiis,
727 3675 903 3749 conceditur,
919 3675 994 3735 alter
1006 3669 1034 3734 ei
