2410 4318
62 369 160 414 nrsr.
180 347 254 434 va]
305 346 361 413 De
375 345 495 414 Gratia
510 346 602 414 Med.
620 350 683 413 out
694 344 908 437 Eleu-aeg.
991 355 1050 433 187

63 523 176 593 potest
191 516 230 573 in
247 516 312 574 ulla
326 536 377 575 sua
391 517 502 575 actione
523 536 560 574 ex
585 517 641 575 alio
662 537 749 594 quam
763 517 932 593 cupiditatis
943 517 1052 577 motivo

64 635 173 691 agere,
193 620 229 674 et
245 616 290 673 sic
304 635 389 692 opera
403 616 549 674 moraliter
569 616 760 690 benefacere,
776 617 934 688 ueletiam,
951 622 1053 693 agente

64 715 184 790 gratia,
217 736 314 796 spera
341 715 488 786 salutaria,
518 715 625 793 quibus
655 715 827 792 disponatur
850 718 886 774 ad
924 717 1053 774 animum

67 838 207 876 avarum
247 817 446 894 abjiciendum
480 822 509 875 et
539 817 779 894 justificationem
807 819 1050 896 comparandam:
1123 857 1125 862 ,

66 920 172 994 Nego.
222 919 294 976 Hac
308 917 494 977 distinctione
507 918 611 994 posita,
628 919 738 978 corruit
752 919 965 997 consequentia.

113 1022 191 1081 1187.
216 1020 306 1079 Nori
317 1040 354 1079 ex
369 1021 510 1090 8111111,
523 1021 551 1080 d.
565 1026 591 1094 4,
604 1040 632 1097 q.
644 1025 671 1094 2,
685 1040 709 1080 a.
721 1023 785 1094 2,n.
801 1026 834 1080 ll
852 1028 920 1080 :—“
935 1022 1053 1090 (lucres.

69 1123 124 1180 An
140 1121 186 1180 sit
202 1121 244 1180 de
260 1122 326 1193 fide,
343 1121 420 1198 quod
441 1140 500 1178 non
522 1121 619 1180 omnia
641 1142 726 1198 opera
740 1123 904 1181 infidelium
918 1123 978 1182 sint
988 1141 1053 1200 pec·

72 1219 170 1279 cata?

116 1322 195 1380 ⁴⁵88.
225 1324 342 1398 “Resp.
361 1327 386 1396 1,
414 1324 452 1380 In
476 1323 530 1381 hoc
553 1311 639 1381 sensu
662 1342 722 1382 esse
747 1323 783 1382 de
804 1323 869 1398 fide,
900 1324 977 1402 quod
996 1343 1055 1382 uon

74 1424 183 1484 omnia
207 1444 300 1501 opera
320 1423 483 1483 infidelium
507 1424 567 1485 sint
589 1431 707 1502 peccata
721 1445 759 1484 ex
772 1429 878 1484 natura
901 1425 1003 1502 operis,
1026 1429 1056 1485 et

72 1524 166 1601 quasi
175 1524 284 1582 omnia
294 1523 482 1584 inficerentur
495 1545 512 1582 a
526 1529 644 1600 peccato
659 1523 803 1600 originali,
821 1544 851 1583 se
865 1525 991 1584 habente
1005 1544 1056 1600 per

75 1624 208 1684 modum
236 1624 391 1702 qualitatis
415 1643 512 1702 pravas
540 1629 569 1682 et
590 1623 738 1683 morbidae.
780 1624 866 1682 Ratio
890 1624 980 1702 hujus
1001 1631 1054 1698 est,

75 1723 151 1800 quia
176 1723 213 1783 in
235 1725 293 1784 hoc
318 1744 404 1784 sensu
429 1723 572 1783 sententia
594 1725 781 1783 sectariorum
806 1725 941 1784 damnata
962 1723 1020 1784 suit
1040 1744 1058 1782 a

77 1824 222 1883 Concilio
247 1823 379 1884 Trident.

119 1927 196 1984 ⁴⁶89.
221 1931 242 1960 ‘⁴
253 1926 341 2001 Respa.
356 1930 384 1986 2.
407 1925 443 1984 In
458 1925 512 1983 hoc
527 1945 612 1984 sensu
626 1944 758 1984 nonesse
772 1925 888 2002 deiide,
906 1927 984 2004 quod
998 1946 1057 1986 non

80 2027 184 2086 omnia
209 2047 300 2104 opera
322 2027 487 2086 infidelium
510 2026 568 2085 sint
589 2033 707 2104 peccata
728 2047 766 2086 cx
790 2028 849 2087 fine
863 2028 1011 2104 operantis
1025 2034 1055 2087 et

80 2147 183 2203 prava
195 2128 389 2201 intentionis.
420 2129 517 2207 ‘Patet
538 2129 592 2186 hoc
616 2130 709 2205 primo
723 2150 762 2188 ex
776 2129 838 2206 ipsa
858 2130 946 2189 Bulla
955 2130 1003 2190 Pii
1016 2131 1053 2210 V·

82 2235 114 2288 et
128 2231 221 2308 Greg.
239 2231 345 2304 X111„
361 2231 462 2308 inqua
473 2236 538 2306 post
550 2230 700 2288 damnatas
711 2230 921 2307 propositiones
932 2230 1056 2290 Baianas

83 2331 198 2390 dicitur
215 2337 278 2392 :-‘
293 2331 372 2398 Quas
394 2331 513 2408 quidem
533 2331 702 2402 sententias,
727 2333 826 2390 stricto
851 2352 949 2390 coram
972 2333 1056 2391 nobis

83 2435 224 2494 examine
255 2434 435 2511 ponderatas
474 2452 651 2510 quamquam
672 2433 822 2492 nonnullae
850 2433 947 2510 aliquo
972 2438 1055 2509 pacto

85 2535 232 2594 sustineri
255 2539 380 2612 possent,
408 2535 439 2592 in
459 2534 555 2610 rigore
577 2537 684 2605 tamen,
708 2538 738 2592 et
760 2533 876 2610 proprio
901 2535 1055 2592 verborum

87 2653 177 2694 sensu
191 2638 230 2695 ab
245 2641 385 2696 assertore
409 2637 532 2705 intento,
559 2635 719 2706 haereticas,
737 2637 788 2694 &a
802 2634 961 2710 respective
976 2636 1053 2694 dam-

88 2739 216 2798 namus!
273 2737 413 2814 Adeoque
440 2757 496 2794 non
526 2743 596 2796 sunt
623 2737 655 2794 in
682 2735 761 2794 omni
789 2755 875 2795 sensu
900 2737 1054 2796 damnatae.

90 2836 250 2898 Secundo:
273 2839 342 2915 quia
366 2858 403 2897 ex
425 2838 582 2897 Catholicis
602 2837 755 2913 Theologis
775 2837 875 2914 plures
887 2837 1056 2897 existimant

91 2939 189 2998 nullas
211 2941 245 2998 in
266 2940 434 2998 infidelibus
456 2959 517 2998 esse
544 2940 670 2998 virtutes
691 2939 754 2998 sine
780 2939 919 3000 beneficio
944 2939 1053 3016 gratias.

93 3081 100 3098 .
123 3085 130 3099 .
154 3083 162 3100 .
187 3087 194 3101 .
218 3043 303 3101 Inter
316 3061 389 3118 quos
415 3041 523 3100 eminet
543 3041 724 3100 doctissimus
739 3041 898 3102 cardinalis
911 3041 1054 3101 Norisius.

94 3183 101 3197 .
122 3183 130 3199 .
149 3184 158 3201 .
180 3185 188 3202 .
210 3144 326 3203 Tertio:
344 3143 422 3221 quad
436 3143 487 3202 alii
498 3144 576 3220 apud
590 3143 703 3202 Estium
707 3182 833 3217 .....
853 3143 964 3214 dicunt,
980 3142 1056 3219 quod

92 3239 162 3301 licct
175 3244 304 3321 operatio
315 3243 442 3303 infidelis
456 3244 547 3320 possit
562 3263 622 3304 esse
636 3243 810 3303 naturaliter
823 3243 899 3302 bona
913 3263 950 3302 ex
964 3243 1056 3301 officio

95 3344 210 3418 stilae,
235 3346 288 3405 ille
311 3351 408 3406 tamen
430 3365 542 3422 semper
565 3351 664 3422 peccet
682 3348 799 3422 peccato
821 3343 983 3402 omissionis
995 3365 1002 3414 ;
1024 3363 1058 3402 eo

95 3446 173 3518 quod
186 3448 329 3508 actionem
343 3467 402 3508 uon
415 3449 520 3508 referat
540 3448 577 3506 ad
592 3449 698 3508 Deum.
740 3446 867 3512 Quarto:
886 3449 926 3504 &c
930 3487 1056 3508 .....

100 3543 209 3608 Verum
224 3570 350 3626 quanam
371 3549 483 3610 ratione
504 3551 568 3610 istae
588 3541 740 3609 sententiaa
764 3547 938 3608 sufficienter
953 3547 1057 3607 salvari

100 3647 219 3722 possint,
236 3671 288 3728 ego
303 3651 465 3712 doctiorum
478 3651 611 3728 relinquo
621 3648 763 3727 judicio.”
