2410 4318
67 395 201 453 sarar.
218 373 297 470 vn]
366 367 422 448 De
435 367 678 448 marucini
695 367 832 447 Grata
1008 387 1069 465 227

73 551 204 612 rebus
218 547 393 610 adsalutem
414 544 612 623 spectantibus
632 544 774 624 judicent,
796 543 986 624 approbantes
998 546 1072 608 falsa

75 669 157 729 pro
177 648 268 724 veris,
282 647 420 726 pestilera
432 644 679 724 praedatoribus,
694 646 827 705 tenebras
839 666 892 724 pro
905 647 979 720 lucc,
994 648 1071 708 mala

74 755 155 828 pro
175 748 283 809 bonis:
306 749 344 818 et,
360 765 376 806 e
391 743 542 817 contrario,
557 763 673 803 verace
687 745 825 804 salutaria
845 747 1020 807 detestantes
1033 751 1069 807 ut

77 849 184 909 falsa
199 845 454 920 cinocentissima,
470 847 500 904 et
512 844 607 904 lucem
622 863 750 904 serenam
763 847 798 904 ut
807 847 938 905 tenebras
950 845 1067 906 cimme-

74 949 177 1008 rias.
222 946 267 1007 Dc
292 945 401 1006 talibus
422 943 531 1003 dicitur
553 943 638 1003 Isaiae
659 962 688 1003 v.
711 948 824 1004 20·:-‘
836 945 890 1004 Vae
905 945 957 1023 qui
970 945 1067 1005 dicitis

78 1049 221 1110 malum
234 1049 352 1118 bonum,
363 1055 393 1106 et
402 1047 513 1106 bonum
522 1045 650 1105 malum:
666 1049 946 1122 ponentestenebros
958 1047 1062 1122 lucem,

80 1151 124 1210 et
141 1149 251 1209 lucem
263 1147 414 1209 tenebras:
436 1147 576 1224 ponentes
596 1163 725 1205 smmum
737 1144 770 1206 in
783 1145 877 1221 dulce,
892 1149 922 1208 et
935 1147 1020 1208 dulce
1032 1150 1064 1210 in

84 1249 261 1310 amarum!

139 1349 216 1412 107.
249 1344 510 1406 “Exooeoationcm
533 1344 665 1423 sequitur
686 1344 851 1406 obduratio:
884 1346 963 1424 quod
985 1346 1064 1407 enim

70 1445 73 1450 “
87 1446 265 1508 excaecatio
279 1449 324 1506 est
337 1445 369 1503 in
382 1442 534 1504 intellectu
548 1447 579 1505 et
596 1444 716 1523 judicio,
737 1445 792 1504 hoc
813 1445 965 1505 obduratio
978 1450 1021 1506 ast
1030 1447 1063 1506 in

86 1549 260 1608 voluntate
284 1549 314 1606 et
332 1545 417 1604 affert
441 1589 447 1603 .
496 1545 573 1605 Nam
597 1546 838 1622 quemadmodum
855 1565 892 1605 ex
912 1547 1062 1607 illumina·

88 1647 184 1708 tione
195 1646 296 1705 divina
309 1644 443 1722 sequitur
455 1647 488 1702 in
501 1631 654 1704 voluntate
669 1644 866 1721 promptitudo
880 1647 1011 1722 quadam
1025 1648 1062 1707 ad

88 1745 321 1824 obsequendum
330 1743 401 1816 Deo,
417 1746 448 1803 et
458 1743 691 1819 amplectandum
704 1744 783 1820 quod
795 1743 846 1804 ille
859 1745 1061 1822 inspiraverit;

92 1846 144 1907 ita
160 1865 202 1905 ex
215 1843 322 1904 mentis
335 1842 466 1903 caecitate
489 1843 623 1921 sequitur
644 1843 767 1903 dudties
780 1845 914 1921 quosdam
927 1848 959 1905 et
972 1845 1060 1904 obsti·

90 1945 184 2008 natio
208 1945 241 2004 in
260 1943 346 2016 malo,
370 1961 422 2020 per
451 1963 538 2020 quam
561 1944 739 2004 salutaribus
759 1946 878 2005 monitis
899 1950 930 2008 et
952 1946 1061 2007 divinis

92 2045 342 2126 inspirationibus
360 2043 524 2106 resistitur:
546 2046 680 2123 quamvis
693 2049 724 2117 et
745 2047 779 2106 in
790 2047 854 2125 ipsa
867 2048 1059 2110 excaecatione

95 2147 255 2208 obduratio
275 2143 410 2222 quaedam
431 2143 587 2204 intrinsece
610 2145 801 2221 contineatur,
828 2151 972 2225 quatenus
991 2149 1058 2226 qnia

95 2245 240 2308 affectum
253 2243 392 2303 adversus
405 2241 560 2304 veritatem
580 2245 713 2318 obdurat,
727 2246 818 2304 nullis
831 2246 992 2306 rationibus
1005 2251 1057 2308 aut

97 2343 344 2406 declarationibus
367 2343 466 2403 locum
484 2341 664 2421 relinquens.
705 2344 846 2405 Consistit
859 2346 1009 2406 obduratio
1022 2347 1055 2407 in

96 2444 185 2504 firma
217 2446 247 2504 et
267 2442 414 2502 obstinata
439 2441 561 2507 affectis
590 2443 641 2500 adv
660 2443 777 2520 aliquod
797 2445 916 2516 malum,
937 2448 1055 2523 propter
1105 2435 1108 2440 ¹

99 2544 224 2622 speciem
245 2541 401 2620 quamdam
423 2541 501 2614 boni,
528 2540 712 2601 adhaesione:
742 2561 801 2618 qua
826 2542 862 2602 lit
895 2547 930 2602 ut
957 2563 1053 2620 neque

97 2643 229 2704 externis
250 2642 379 2716 monitis,
401 2661 497 2719 neque
520 2641 643 2702 internis
676 2641 925 2719 inspirationibus,
955 2663 1051 2722 neque

98 2742 230 2820 flagellis,
246 2761 342 2820 neque
355 2741 505 2818 promissis
518 2741 658 2801 dimoveri
671 2741 772 2818 possit,
788 2743 838 2802 sed
851 2742 934 2802 velut
947 2761 1050 2802 saxum

99 2861 129 2902 sa
142 2843 180 2902 ad
193 2842 288 2902 omnia
301 2842 423 2901 obduret
433 2845 463 2901 et
476 2841 725 2919 impenetrabilem
735 2845 863 2918 praestet,
876 2841 933 2902 nisi
942 2843 1049 2920 majore

102 2942 222 3018 quadam
244 2939 275 3000 vi
296 2939 438 2999 divinitus
460 2939 659 3016 impellatur.’'
681 2940 813 3014 Lass1us,
833 2941 869 3001 dc
891 2942 1046 3002 Perfcotio·

101 3039 185 3100 nibus
197 3039 323 3112 Divinis,
335 3037 356 3099 1.
373 3043 419 3113 13,
433 3059 464 3100 n.
479 3041 527 3112 76,
545 3043 592 3100 81.
633 3039 702 3100 vid.
716 3042 803 3100 etiam
818 3041 908 3113 Luco,
924 3041 960 3100 de
973 3042 1045 3102 Poe·

102 3137 227 3212 nitentia,
243 3139 272 3198 d.
287 3143 314 3209 8,
330 3157 353 3198 s.
366 3141 396 3210 ⁸1,
410 3157 440 3198 n.
456 3139 503 3209 37,
518 3142 549 3198 et
561 3138 642 3198 locus
652 3138 774 3214 insignis
786 3159 824 3198 ex
838 3139 867 3198 S.
884 3142 1043 3200 Bmusncc

103 3239 176 3314 apud
185 3239 329 3309 Pannona,
344 3255 375 3297 n.
390 3239 458 3297 403.
498 3237 586 3297 Porro
609 3243 628 3272 “
639 3239 793 3298 excaecatio
813 3241 843 3298 et
855 3224 949 3297 cordis
962 3239 1042 3298 duri·

104 3337 156 3397 ties
168 3342 231 3399 sunt
243 3340 403 3416 peccatum,
418 3357 511 3416 poena
529 3337 641 3418 peccati
653 3341 682 3399 et
695 3357 782 3400 causa
793 3337 934 3416 peccati.”
975 3339 1039 3400 Au·

104 3438 221 3512 semel.
235 3458 259 3498 c.
270 3437 286 3518 ς
298 3443 325 3500 3.

142 3542 201 3602 108.
221 3541 267 3600 De
279 3539 343 3599 istis
356 3537 510 3599 exoaeoatis
532 3541 562 3600 et
582 3538 729 3600 obduratis
742 3539 804 3598 hoeo
818 3537 938 3598 dicanda
957 3543 1038 3600 suut.

108 3637 145 3702 1⁰.
164 3639 263 3702 Omnes
274 3638 321 3701 illi
331 3637 476 3720 recipiunt
483 3639 607 3718 gratiam
615 3639 718 3702 saltem
731 3641 839 3702 remoto
849 3638 1038 3703 sufficientem
