2402 4292
52 433 150 480 nior.
166 413 229 501 1x.]
301 411 357 476 De
370 409 510 475 Natura
524 361 622 474 et'Vz'
636 407 730 474 Grai.
742 406 861 473 Hebri.
951 429 1012 494 337

52 579 217 641 antithesis
229 579 322 658 posita
341 577 418 636 inter
442 576 576 636 effectum
598 575 698 636 delicti
717 575 825 634 Adami
838 577 868 634 et
880 574 1016 636 effectum

51 680 253 758 reparationis
280 697 330 756 per
354 675 510 748 Christum,
531 678 561 736 ct
583 675 736 753 utriusque
756 675 876 734 effectus
890 669 1014 748 collatio,

53 799 209 858 quaecum
230 779 290 838 sola
312 776 442 836 doctrina
465 775 614 836 catholica
637 775 785 836 conciliari
807 778 910 852 potest.
950 776 1018 836 Non

55 881 159 940 solum
173 879 250 938 enim
270 878 349 956 quod
372 876 475 936 intulit
498 876 637 938 delictum
660 875 781 934 abstulit
800 875 952 954 reparatio,
968 875 1018 936 sed

56 980 159 1039 multo
189 979 282 1055 major
312 976 370 1036 fuit
397 976 516 1036 effectus
546 974 735 1052 reparationis
765 974 870 1035 effectu
897 977 1017 1054 peccati.

58 1077 212 1146 Quoniam
227 1097 293 1154 ergo
304 1080 455 1154 peceatum
476 1075 653 1136 inhaerenter
669 1079 698 1135 et
718 1075 874 1136 intrinsece
893 1077 1019 1136 maculat

58 1183 95 1239 et
108 1179 206 1238 foedat
219 1177 355 1251 animam,
378 1174 550 1254 justificatio
574 1175 680 1235 effectu
701 1193 752 1233 suo
775 1194 834 1234 non
855 1175 947 1254 major
969 1177 1019 1236 sed

59 1279 161 1340 minor
171 1283 254 1353 esset,
271 1279 296 1338 si
307 1284 366 1337 non
379 1259 557 1338 inhoerenter
577 1281 607 1338 et
626 1277 781 1338 intrinsece
795 1278 845 1337 sed
857 1278 1019 1340 extrinsece

60 1384 96 1440 et
109 1379 286 1458 imputative
295 1382 411 1438 tantum
434 1377 561 1438 animam
575 1379 702 1440 afficeret
715 1383 745 1440 et
758 1380 914 1440 adornaret.
955 1379 1020 1438 Hoc

59 1481 152 1542 valde
172 1481 359 1541 confirmatur
373 1501 410 1540 ex
424 1500 498 1540 vers.
517 1485 563 1554 19,
581 1480 642 1553 ubi,
659 1481 757 1542 eodem
777 1481 916 1540 vocabulo
937 1477 1019 1542 adhi-

61 1581 139 1655 bito,
154 1582 240 1660 plane
262 1580 443 1657 significatur
456 1599 514 1640 non
527 1581 624 1639 minus
637 1580 751 1658 proprie
765 1584 795 1639 et
804 1579 921 1638 realiter
930 1579 1016 1664 justi-

61 1682 232 1743 ficationem
246 1702 296 1741 suo
309 1683 394 1742 modo
408 1682 534 1742 animam
558 1687 676 1758 tangere
699 1701 786 1760 quam
805 1684 954 1760 peccatum
968 1698 1020 1741 suo

64 1783 154 1843 modo
170 1782 417 1842 t-“Peccatores
440 1781 585 1842 conrtitoti
611 1785 681 1842 sunt
702 1780 791 1842 multi
816 1823 823 1842 .
852 1819 891 1842 ..
917 1779 1020 1862 .J'usti

65 1884 267 1946 constituemur
280 1883 397 1944 multi.'’

327 2121 343 2204 5
360 2126 387 2182 6.
410 2121 565 2183 Secuntur
584 2121 755 2228 Oby'cotiooes.

111 2285 159 2342 92.
186 2281 287 2360 Object.
302 2285 327 2342 1.
343 2281 613 2360 Contrapraefatum
624 2283 835 2358 argumentum,
845 2299 875 2340 n.
888 2282 936 2352 91,
951 2277 1022 2338 olim

70 2383 265 2460 objiciebatur
285 2383 449 2462 (Bnnnsnrr.
471 2385 506 2443 de
528 2383 627 2444 Justif.
648 2383 670 2442 l.
686 2389 713 2454 2,
728 2403 752 2444 e.
767 2389 785 2445 3
791 2405 799 2458 ;
821 2383 940 2456 Susam,
953 2383 975 2444 1.
992 2384 1020 2458 7,

68 2505 94 2546 c.
113 2491 140 2558 6,
154 2505 184 2545 n.
203 2486 262 2566 13),
278 2491 307 2546 et
325 2486 470 2546 recentius
488 2506 505 2546 a
529 2487 653 2564 quodam
676 2485 800 2562 Anglioo
823 2485 864 2544 sie
877 2487 1021 2564 objectum

67 2589 126 2648 est.
166 2587 289 2666 Propter
309 2587 477 2648 antithesim
496 2587 528 2646 in
548 2589 633 2648 textu
653 2586 729 2645 inter
739 2585 977 2664 justificationem
991 2593 1021 2650 et

70 2686 351 2762 condemnationem,
375 2687 470 2762 qualis
491 2691 536 2746 est
557 2687 620 2746 haeo
640 2686 707 2745 talis
721 2690 751 2746 et
770 2685 822 2744 illa
835 2689 886 2746 est.
927 2687 1022 2765 Atqui

70 2788 353 2848 condemnationen
375 2789 447 2850 facit
470 2788 616 2849 hominem
635 2793 784 2850 nocentem
798 2789 856 2862 sed,
879 2789 933 2850 hoc
953 2810 1020 2868 sup·
1128 2855 1130 2860 ,

68 2888 173 2966 posito,
190 2889 316 2948 declarat
337 2909 404 2948 eum
427 2909 488 2950 esse
506 2893 664 2951 nocentem.
704 2889 782 2966 Ergo
802 2893 832 2949 et
849 2890 1020 2968 justificatio

67 3008 129 3048 non
142 2988 213 3048 facit
228 2990 344 3068 justum
357 2991 407 3048 sed
421 2991 555 3062 declarat,
572 2993 623 3052 co.

114 3093 163 3147 93.
192 3085 277 3164 Resp.
306 3090 445 3150 Transeat
465 3091 567 3168 major.
617 3090 666 3149 Ad
685 3089 834 3150 minorem.
880 3092 920 3151 10.
942 3093 1020 3168 Ergo

70 3187 148 3246 sicut
160 3189 358 3248 condemnatio
382 3190 509 3250 declarat
530 3189 676 3248 hominem
697 3209 757 3250 esse
780 3193 940 3264 nocentem,
962 3209 1021 3250 non

72 3289 141 3346 ficte
155 3292 185 3346 et
199 3288 368 3362 extrinsece,
385 3290 434 3348 sed
447 3309 513 3349 vere
527 3293 556 3349 et
575 3289 738 3362 intrinsece,
755 3289 798 3348 ita
810 3293 840 3348 et
849 3289 1022 3367 justificatio

74 3387 203 3447 declarat
230 3389 373 3449 hominem
398 3407 459 3449 esse
490 3409 557 3448 vere
577 3394 607 3449 et
630 3390 783 3450 intrinsece
803 3390 926 3465 justum.
963 3391 1021 3450 20.

75 3488 159 3564 Nego
183 3489 459 3560 condemnationem,
482 3493 530 3550 sut
551 3489 600 3561 sic,
625 3489 769 3548 declarare
797 3477 942 3548 hominem
963 3509 1023 3550 esse

76 3590 239 3647 nocentem.
291 3590 370 3649 Ante
397 3590 663 3650 condemnationem
684 3590 761 3649 enim
782 3589 921 3648 declarari
941 3589 1025 3650 debet

76 3706 192 3764 nocens,
207 3708 236 3749 v.
248 3708 286 3766 g,
300 3689 426 3768 utapud
446 3710 507 3767 nos,
523 3711 575 3769 per
595 3689 766 3752 sententiam
781 3691 961 3769 juratorum:
984 3694 1024 3763 ct,

554 3795 589 3850 16
