2410 4314
71 460 155 503 nrsr.
173 439 225 522 ru]
275 435 677 501 DeStaotusHumoaoe
691 439 843 504 Notum.
936 485 937 488 κ
977 459 1016 521 25

70 607 172 680 utpote
194 603 255 681 qui,
280 621 334 680 pro
352 620 472 661 munere
500 620 551 661 suo
573 603 696 662 doctoris
720 607 750 662 et
772 604 876 680 eapitis
897 605 1018 664 humani

70 703 192 778 generis,
215 707 344 780 posteros
371 721 437 760 suos
467 721 530 760 eam
553 701 653 761 dooere
673 703 796 763 deberet.
849 703 892 762 Hi
920 708 1017 764 autom

70 801 178 876 posteri
200 805 219 836 ‘⁴
231 821 284 860 nee
303 807 497 872 numerentur,
514 804 549 860 ut
562 801 624 876 ipse
637 805 751 860 oreatus
764 803 831 874 fuit,
847 802 879 860 in
891 805 1019 879 perfecte

70 904 163 972 aetate,
178 919 232 959 nee
245 902 320 960 hano
334 900 461 958 scientiae
475 899 686 976 plenitudinem
706 902 854 975 haberent,
871 903 920 962 sed
934 903 1018 963 facile

71 999 284 1077 acquirerent.''
325 1001 483 1069 Brunusnr,
499 999 534 1056 1).
550 1004 578 1070 2,
593 1018 619 1058 a.
638 1002 663 1058 l.

112 1102 159 1159 27.
180 1101 221 1158 4⁰.
245 1098 403 1175 Appetitur
422 1097 574 1157 inferiores
588 1101 618 1158 et
630 1098 784 1176 passiones,
798 1099 830 1158 in
844 1103 923 1160 statu
935 1101 1017 1160 inno-

72 1197 186 1271 centius,
213 1197 320 1257 rationi
343 1197 471 1275 perfecte
502 1198 639 1275 subjeotse
667 1202 757 1271 erant,
780 1198 823 1258 ita
846 1203 882 1259 ut
903 1200 1017 1260 nullum

55 1352 57 1356 ,
71 1316 172 1356 earum
185 1303 296 1356 motum
309 1295 506 1356 involuntarie
516 1297 621 1355 sentire
632 1300 788 1374 potuerunt
795 1303 1019 1375 protoparentes,
1130 1293 1133 1300 ’

71 1395 164 1472 magis
178 1415 265 1472 quam
281 1415 384 1469 manus
405 1399 456 1454 aut
475 1414 526 1472 pes
539 1395 665 1474 alioujus
678 1397 805 1456 hominis
818 1399 903 1456 liberi
916 1405 945 1458 et
958 1399 1021 1458 sani

72 1515 178 1554 eonon
191 1496 307 1555 volente
322 1512 480 1554 semovere
499 1497 603 1572 potest.
646 1495 711 1554 Hoe
724 1499 806 1572 patet
820 1517 856 1556 ex
871 1498 972 1557 Genea.
987 1499 1019 1557 ii.

73 1595 193 1668 2531ii.
217 1597 244 1664 7,
269 1599 314 1666 10,
339 1597 384 1654 11.
425 1595 472 1652 Ab
494 1594 572 1653 omni
596 1599 678 1654 motu
698 1596 935 1672 concupiscentiae
954 1605 1021 1656 ante

72 1700 224 1772 peecatum
237 1695 380 1753 immunes
394 1698 483 1765 eraut,
506 1712 580 1770 quse,
597 1695 684 1754 semel
700 1695 823 1754 admisso
836 1703 961 1772 peceato,
975 1718 1022 1756 eos

73 1796 178 1854 aeriter
191 1795 291 1854 statim
311 1795 450 1870 impetere
469 1778 554 1870 oepit.
595 1795 661 1852 Duo
676 1801 744 1852 sunt
754 1795 916 1854 oiros‘hano
930 1804 1021 1856 mate·

71 1896 144 1953 riam
158 1895 293 1954 notanda.
338 1895 376 1953 10.
402 1895 475 1952 “Ut
487 1895 540 1952 fiet
559 1893 592 1952 in
613 1895 729 1972 homine
749 1896 811 1954 haeo
831 1897 980 1956 eoncordia
993 1901 1023 1956 et

72 1995 269 2054 subordinatio
291 1994 474 2071 appetituum
493 1995 550 2052 duo
571 1993 780 2070 requiruntur:
803 2014 894 2053 unum
915 2003 966 2064 est,
988 2001 1023 2056 ut

72 2094 221 2170 appetitus
250 2093 370 2152 inferior
396 2113 454 2152 non
475 2097 626 2152 moveatur
648 2092 819 2170 priusquam
844 2115 860 2152 a
882 2096 1023 2172 superiori

72 2193 247 2271 imperetur:
270 2194 352 2252 aliud
376 2197 420 2252 est
439 2197 473 2250 ut
493 2191 641 2250 voluntati
655 2193 802 2268 appetitus
816 2195 972 2253 sensitivus
986 2197 1020 2253 ad

72 2298 186 2366 nutum,
202 2297 233 2353 et
247 2293 308 2352 sine
329 2292 390 2350 ulla
410 2291 584 2362 resistentia,
607 2291 753 2357 obediat.''
796 2295 917 2366 Sorano,
934 2313 958 2352 a.
976 2299 1021 2366 12,

74 2413 104 2450 n.
133 2397 178 2452 10.
228 2394 269 2450 2⁰.
299 2391 451 2451 Passiones
471 2390 581 2448 versari
603 2393 724 2466 possunt
747 2392 823 2450 eiroa
846 2393 964 2464 bonum,
989 2399 1024 2452 ut

73 2493 208 2550 amorrei
222 2511 287 2568 quae
302 2511 398 2549 amore
413 2491 501 2566 digna
514 2493 576 2562 est3
598 2490 647 2547 vel
667 2489 743 2547 eirea
762 2490 880 2562 malum,
896 2494 931 2550 ut
944 2493 1024 2577 dolor

73 2595 126 2650 aut
139 2590 269 2649 tristitia'.
310 2591 367 2648 Hae
381 2589 413 2647 in
428 2592 506 2648 statu
519 2587 692 2646 innoeentiae
707 2607 767 2646 esse
780 2607 839 2647 non
851 2592 1021 2665 potuerunt;

72 2691 132 2749 illas
145 2708 203 2749 non
218 2689 311 2749 solum
323 2687 356 2746 in
372 2707 406 2746 eo
420 2691 497 2747 statu
522 2707 582 2745 esse
603 2689 761 2762 potuerunt
781 2687 831 2746 sed
851 2689 1022 2762 debuerunt,

73 2793 210 2860 attamen,
225 2792 268 2846 ‘ut
288 2787 397 2848 dietum
422 2789 475 2857 est,
498 2785 619 2862 imperio
642 2785 763 2844 rationis
786 2787 1022 2864 subjiciebantur.

73 2888 151 2948 Ibid.
164 2908 193 2946 n.
207 2890 255 2961 28,
272 2893 319 2945 29.

114 2995 163 3054 28.
182 2993 226 3054 5⁰.
249 2993 345 3051 Homo
358 2991 391 3049 in
405 2993 485 3051 statu
507 2989 681 3048 innocentiae
703 2989 862 3049 dominium
876 2993 979 3053 babuit
993 2993 1026 3054 in

73 3093 171 3152 omnia
192 3091 330 3150 animalia
351 3089 409 3166 ipsi
429 3089 575 3161 inferiora,
607 3093 637 3148 et
657 3089 688 3147 id
710 3109 769 3148 non
792 3094 907 3149 tantum
930 3096 1025 3170 quoad

72 3195 244 3269 potestatem
258 3190 408 3249 sedetiam
429 3189 523 3265 quoad
543 3188 695 3265 potestatis
713 3207 808 3258 usum,
829 3189 872 3248 ita
890 3196 925 3249 ut
937 3191 974 3250 iis
988 3195 1025 3252 ad

72 3298 179 3353 nutum
192 3290 238 3350 uti
250 3288 386 3368 potuerit.
428 3289 514 3347 Patet
535 3307 573 3346 ex
596 3289 700 3346 Genes.
720 3287 740 3347 i.
762 3293 810 3361 29,
834 3293 882 3348 30.
923 3293 1024 3351 Domi·

72 3393 155 3452 nium
167 3391 222 3450 hoe
234 3389 267 3449 in
280 3408 310 3449 se
323 3387 455 3448 naturale
468 3390 521 3459 est,
536 3389 566 3446 et
579 3387 643 3446 ideo
654 3390 719 3463 post
730 3387 845 3464 lapsum
856 3393 1022 3466 permansit,

73 3493 197 3571 ejusque
218 3488 337 3549 traditio
359 3490 425 3565 post
449 3485 595 3545 diluvium
619 3489 758 3545 renovate
776 3490 840 3547 est:
863 3489 965 3549 Genea.
980 3492 1022 3551 ix.

74 3599 102 3664 2,
119 3597 148 3652 8.
190 3591 226 3649 In
240 3589 352 3647 duobus
371 3605 438 3646 vero
460 3585 603 3662 discrepet
623 3584 783 3644 dominium
803 3586 928 3646 hominis
941 3589 1024 3648 inno-

73 3689 165 3750 uentis
179 3708 196 3747 a
209 3687 336 3747 dominio
356 3686 430 3764 lapsi
451 3690 480 3745 et
501 3683 738 3762 praeternaturale
751 3683 818 3744 fuit.
863 3687 904 3746 10.
925 3687 1024 3748 Domi·

543 3791 560 3843 3
