2410 4318
182 417 242 490 198
548 409 602 473 De
627 408 761 475 Gratia.
951 409 1055 497 [nisa.
1075 433 1143 476 v11.

175 593 268 652 agere,
284 569 420 650 mereque'
433 572 547 650 passive
568 594 598 634 aa
615 574 748 634 habere”
764 574 863 652 (Cone.
879 575 959 636 Tria.
977 577 1008 636 S.
1025 583 1053 650 6,
1072 597 1142 636 nan.
1196 604 1197 678 p

177 676 219 751 4),
236 678 265 734 et
278 674 373 732 Deum
396 673 428 731 in
443 693 475 732 eo
489 674 597 732 bonum
621 694 703 750 opus,
730 676 838 751 absque
858 675 922 733 ulla
946 676 1012 752 eju·
1034 695 1145 753 opera·
1196 685 1197 700 ¹

175 774 263 847 tione,
280 773 506 849 efficere-qnod
528 773 646 849 quidem
668 773 726 849 ipsi
750 774 907 832 adversarii
931 775 1042 834 diserte
1062 775 1144 834 affir-

176 879 267 934 mant.
307 875 326 934 J
328 893 441 932 amvero
455 872 611 932 clarissime
631 873 663 932 in
684 873 833 950 Scriptura
844 873 1030 950 significatur
1043 875 1146 934 homi-

175 993 243 1034 nem
266 993 334 1034 vere
362 991 445 1048 agere
473 979 503 1032 et
534 973 666 1049 operari;
697 977 726 1031 et
752 973 856 1031 iisdem
882 973 956 1049 ipsis
981 974 1084 1033 verbis
1115 979 1148 1034 et
1197 990 1198 1028 3

175 1072 369 1131 locutionibus
392 1073 446 1130 hon
467 1071 656 1147 significatur,
682 1071 788 1148 quibus
811 1070 995 1146 significatur
1015 1074 1147 1132 ratioet

176 1171 304 1248 operatio
318 1171 383 1232 Dei.
1086 1227 1091 1234 .

216 1276 264 1334 20.
287 1271 341 1350 (a).
365 1271 397 1332 Si
409 1271 490 1332 Dens
507 1277 525 1306 “
538 1271 651 1331 inclinet
665 1272 750 1330 eorda
763 1273 861 1330 nostra
874 1271 912 1330 ad
926 1290 968 1343 se,
984 1275 1021 1331 nt
1036 1273 1146 1331 ambu-

176 1373 270 1434 lemus
291 1373 323 1433 in
346 1373 489 1433 universis
512 1373 569 1432 viis
596 1373 686 1451 ejus'’
713 1374 745 1452 (3
773 1375 845 1449 Reg.
873 1371 938 1431 viii.
968 1376 1035 1432 58:
1067 1373 1147 1432 item
1198 1445 1199 1448 Ἴ

176 1462 284 1534 Psalm.
311 1473 412 1534 cxviii.
439 1473 508 1551 36);
544 1479 574 1534 et
599 1494 652 1532 nos
679 1473 868 1550 nosmetipsos
896 1471 1008 1550 (eorda,
1039 1478 1146 1550 auras)

176 1572 351 1632 inclinamus
364 1572 401 1630 ad
416 1569 748 1631 Deumz-“Inelinavi
761 1589 918 1630 cormeum
932 1571 970 1630 ad
990 1571 1148 1632 faaiendaa

174 1671 399 1748 justificationes
412 1675 478 1730 tuas
491 1669 523 1728 in
534 1669 704 1730 aeternum.”
725 1669 832 1730 Paalm.
847 1669 949 1730 nxviii.
967 1674 1024 1730 112
1038 1692 1046 1733 :
1068 1671 1145 1732 item

178 1772 251 1831 xliv.
269 1775 322 1843 ll;
344 1771 449 1829 lxxvii.
468 1775 492 1828 1.

219 1875 267 1931 21.
284 1872 341 1949 (b).
362 1871 396 1930 Si
411 1872 490 1930 Deua
504 1869 614 1947 apariat
633 1868 711 1930 labia
727 1873 827 1930 nostra
849 1869 896 1930 vel
919 1869 1028 1930 natium
1045 1871 1145 1931 cordis

178 1969 456 2049 nostri,(“Domine‚
466 1971 614 2031 labiamea
624 1970 748 2048 aperies:
765 1975 795 2030 et
803 1991 834 2030 os
844 1991 940 2032 meum
950 1973 1147 2034 annuntiabit

178 2071 296 2132 laudem
309 2073 427 2132 tuam:’'
449 2073 556 2132 Psalm.
570 2072 591 2132 i.
609 2074 676 2151 17);
698 2076 728 2133 et
747 2092 799 2132 nos
819 2073 919 2132 eadem
933 2073 1084 2150 aperimus
1094 2096 1146 2133 2-

180 2173 252 2232 “Oa
276 2192 373 2232 meum
393 2173 503 2251 aperui,
529 2177 559 2233 et
581 2173 692 2234 attraxi
716 2174 881 2250 spiritum?
903 2175 1013 2234 Paalm.
1038 2174 1143 2235 cxviii.

182 2276 257 2333 131:
279 2273 350 2333 item
374 2274 445 2336 Lun.
470 2275 524 2335 xii.
551 2279 607 2347 863
629 2277 721 2351 Apoe.
745 2275 788 2334 iii.
811 2275 1030 2348 toz-“Eece
1046 2275 1144 2334 stoan

179 2375 285 2436 ostium
299 2379 330 2437 et
342 2379 446 2456 pulso:
468 2378 493 2438 si
504 2376 570 2454 quis
581 2376 707 2436 audierit
719 2395 819 2437 vocem
833 2396 936 2451 meam,
950 2381 980 2436 et
994 2378 1146 2454 aperuerit

181 2476 253 2536 mihi
264 2476 394 2556 januam,
410 2479 525 2540 intrabo
540 2477 577 2537 ad
587 2477 701 2537 illum.’'

203 2583 271 2640 ’22
293 2578 346 2658 (a).
370 2583 401 2642 Si
415 2583 496 2642 Deua
518 2599 571 2639 nos
596 2581 633 2638 ad
656 2582 851 2639 sacraverint
875 2578 909 2657 (“
923 2580 1072 2639 Converte
1093 2598 1146 2637 noe

182 2680 263 2740 Deus
284 2681 420 2740 salutaris
439 2685 538 2741 noster
549 2680 578 2741 :''
600 2681 700 2740 Paalm
714 2680 832 2740 lxxxiv.
848 2680 899 2757 5);
920 2684 951 2738 et
963 2699 1016 2739 noe
1030 2699 1144 2739 nosme-

182 2780 273 2856 tipsos
290 2782 326 2840 ad
340 2783 435 2840 Deum
459 2779 656 2840 convertimus
668 2785 739 2840 :—“
756 2779 891 2856 Cogitavi
911 2778 1000 2838 vias:
1021 2783 1052 2840 et
1076 2800 1144 2840 con-

182 2879 259 2939 verti
272 2881 360 2957 pedae
382 2901 460 2940 meos
480 2881 512 2939 in
526 2879 693 2940 testimonia
713 2879 793 2939 tna.'’
816 2879 925 2938 Paalm.
949 2878 1054 2940 cxviii.
1081 2885 1142 2938 59:

183 2978 373 3041 itemJerem.
388 3002 438 3042 xv.
456 2985 492 3040 19
511 3004 519 3052 3
540 2981 616 3055 Joel,
632 2981 665 3039 ii.
684 2984 729 3055 12,
749 2985 796 3053 13,
815 2985 861 3040 14.

225 3085 272 3140 23.
287 3081 343 3159 (d).
365 3082 398 3141 Si
411 3084 491 3142 Deus
511 3081 594 3141 nobis
600 3082 693 3158 satiat
706 3101 753 3141 cor
766 3100 865 3140 novum
880 3081 915 3158 (“
925 3079 982 3139 Gor
1000 3081 1144 3139 mnndum

185 3199 250 3240 eren
262 3181 295 3240 in
307 3203 362 3257 me,
377 3184 460 3244 Dens
475 3183 503 3243 :”
519 3184 627 3244 Psalm.
638 3183 659 3243 l.
672 3185 709 3242 12
721 3202 728 3242 :
750 3182 822 3242 item
830 3181 934 3242 Ezeeh.
949 3181 1057 3241 xxxvi.
1068 3183 1123 3260 26)
1136 3203 1143 3241 :

186 3283 216 3338 et
242 3299 295 3342 noa
320 3283 403 3342 nobis
428 3283 552 3342 fecimus
579 3301 627 3342 eor
650 3301 758 3341 novum
773 3286 844 3340 :-“
856 3280 996 3358 Projieite
1022 3301 1040 3340 a
1062 3281 1146 3340 vobin

186 3397 284 3446 omnen
306 3382 556 3459 praevaricationes
577 3389 687 3443 vestras
688 3424 819 3454 .....
840 3384 872 3440 et
893 3379 980 3440 tacite
993 3379 1076 3440 vobis
1096 3399 1146 3440 eor

186 3496 295 3540 novum
309 3487 339 3543 et
351 3484 486 3561 spiritum
499 3483 636 3543 novum.’'
658 3482 765 3541 Eaeeh.
779 3479 863 3540 xviii.
877 3485 925 3540 31.
1038 3517 1045 3527 -

228 3585 276 3642 24,
290 3584 343 3663 (e).
365 3586 398 3645 Si
421 3587 501 3646 Deua
523 3583 570 3657 ait,
596 3583 649 3660 qui
672 3591 803 3659 oporatur
825 3582 857 3640 in
877 3580 961 3641 nobis
974 3599 1060 3642 omne
1073 3600 1146 3659 opus

188 3681 322 3760 salutare,
347 3691 405 3749 “et
417 3687 493 3747 velle
514 3689 545 3746 et
567 3683 703 3763 pertinere
714 3686 732 3717 ’'
757 3683 880 3762 (Philip.
901 3683 934 3742 ii.
957 3683 1027 3761 13);
1049 3685 1145 3745 atnoe
