2410 4318
457 371 512 437 De
530 369 659 438 Gratiis.
862 369 962 454 [orsu.
978 388 1050 434 vn.

181 671 197 752 ξ
213 677 241 734 5.
262 673 421 734 Nudaetor
426 669 545 747 frondea
558 673 585 728 ct
598 686 702 728 errores
714 667 948 728 Jameouraram.

132 836 180 892 52.
202 831 230 890 Ι.
251 829 339 890 Falsa
352 833 405 902 eet,
420 828 488 901 imo,
503 831 605 906 utpote
619 826 649 887 S.
666 825 822 904 Scriptura
836 828 867 886 et
879 825 1053 886 manifestas

91 931 184 994 totius
197 929 337 991 Ecclesiae
359 927 428 989 fidei
447 928 587 1006 opposita,
609 925 746 987 haeretioa
766 929 818 998 est,
833 925 881 986 rel
895 925 998 986 saltem
1011 930 1054 986 ut

92 1031 228 1093 haeretica
241 1029 373 1091 damnari
395 1030 495 1108 possit,
516 1027 672 1108 propositio
684 1027 879 1088 Jansenistice
899 1027 1053 1088 affirmans

93 1133 239 1194 hominem
252 1132 290 1192 ad
302 1130 510 1210 poenitendum
531 1130 579 1190 vel
603 1129 640 1188 ed
662 1131 736 1189 bene
749 1129 782 1188 in
794 1147 899 1206 genere
923 1148 1052 1206 operan-

94 1230 164 1289 dum
178 1228 238 1288 solo
252 1227 362 1288 motivo
377 1226 577 1286 delectationis
586 1224 643 1302 agi.
684 1224 796 1301 Saepius
807 1224 885 1284 enim
898 1225 931 1284 in
946 1225 1049 1304 Scrip-

93 1333 162 1390 tura
182 1329 325 1390 motivum
338 1327 451 1387 timoris
474 1327 630 1388 exhibetur
653 1329 688 1386 ut
701 1324 929 1385 efficacissimum
942 1329 974 1386 et
987 1345 1052 1386 om-

94 1428 180 1488 nibus
201 1429 287 1487 valde
301 1426 558 1486 commendandum
570 1429 641 1486 :·“
651 1425 776 1484 Initium
797 1424 947 1501 sapientia
961 1425 1054 1485 timor

94 1527 214 1588 Domini
228 1530 256 1587 :”
270 1527 377 1587 Psalm.
388 1546 433 1586 cx.
451 1529 503 1599 103
527 1526 655 1586 “Timor
674 1523 793 1584 Domini
813 1525 936 1602 expellit
948 1545 1051 1602 peeca-

94 1626 199 1688 tum:''
231 1626 338 1686 Ecolic.
361 1626 381 1687 i.
405 1629 459 1700 273
492 1625 606 1685 “Nihil
633 1625 737 1685 melius
768 1627 813 1685 est
844 1644 933 1702 quam
962 1625 1053 1686 timor

96 1726 215 1786 Domini
223 1727 252 1786 :'’
266 1726 337 1786 ibid.
352 1725 439 1785 xxiii.
451 1727 505 1796 37;
523 1723 733 1784 “Perfioieutes
750 1723 1007 1785 sanctificationem
1017 1725 1053 1784 in

96 1825 199 1886 timore
208 1825 265 1886 Dei
275 1827 303 1885 :”
327 1827 345 1884 2
361 1826 424 1886 Cor.
436 1824 488 1884 rii.
506 1827 532 1885 1.
574 1824 689 1884 Similia
701 1825 846 1884 habentur
859 1823 878 1883 J
879 1825 924 1884 ob.
939 1824 1049 1884 xxviii.

97 1930 152 1999 283
173 1925 271 1986 Psalm
290 1924 321 1985 ii.
335 1929 367 1984 11
380 1946 388 1998 ;
411 1923 494 1984 xviii.
517 1927 569 1995 10;
592 1922 700 1984 xxxiii.
725 1919 771 1995 1⁰3
797 1922 844 1982 cii.
863 1927 908 1996 ll,
927 1927 974 1996 13,
999 1927 1051 1998 17;

96 2023 203 2084 lloolio.
227 2027 371 2097 xxv.1s;
392 2026 433 2084 xl.
458 2029 495 2084 28
513 2047 521 2095 3
541 2024 647 2084 Jerem.
671 2023 767 2082 xxxii.
792 2028 857 2096 403
884 2025 996 2086 Matth.
1018 2045 1052 2086 x.

66 2125 68 2130 ’
98 2127 135 2182 28
146 2143 153 2195 ;
177 2121 254 2181 Phil.
270 2121 367 2194 ii.12;
390 2127 420 2182 et
441 2123 473 2182 in
495 2122 561 2182 aliis
580 2123 683 2184 multis
702 2122 782 2184 locis.
822 2124 906 2184 Idem
919 2129 1001 2202 patet
1014 2145 1053 2185 ex

98 2221 252 2282 manifesta
264 2221 322 2280 fide
336 2221 483 2296 Eoolcsiae,
501 2241 565 2300 quae
574 2242 685 2300 semper
695 2226 725 2283 et
738 2224 846 2302 ubique
860 2229 891 2284 et
904 2224 1049 2300 omnibus,

98 2320 298 2399 peccatoribus
319 2324 391 2380 uta
414 2323 490 2380 malo
512 2326 684 2382 revocentur
704 2326 735 2382 et
754 2323 843 2402 justis
865 2327 900 2384 ut
923 2324 1053 2385 inbono

97 2422 259 2495 firmentur,
275 2442 327 2500 per
340 2442 407 2482 suos
420 2423 568 2483 ministros
587 2423 779 2501 praedicantes
793 2429 822 2484 et
836 2445 887 2502 per
912 2425 1020 2504 scripta
1034 2447 1053 2486 a

99 2541 129 2580 se
150 2521 279 2598 probata,
305 2521 465 2582 doctrinam
486 2526 626 2600 perpetuo
649 2523 778 2583 inculcet
799 2543 887 2601 quam
910 2526 1001 2586 tradit
1021 2527 1053 2587 S.

99 2619 234 2696 Ignatius
257 2621 289 2679 in
312 2622 416 2681 ultima
448 2622 614 2698 regularum
638 2623 675 2682 ed
698 2625 881 2684 sentiendum
902 2644 969 2685 cum
993 2627 1054 2685 Eo·

100 2715 415 2786 elesiar-“Quamvis
445 2740 555 2780 summe
583 2722 728 2782 laudabile
751 2723 790 2784 sit
810 2728 898 2802 etque
918 2725 993 2785 utile
1017 2744 1055 2784 ex

100 2817 254 2878 dilectione
267 2839 341 2896 puro
361 2819 500 2879 inservire
514 2821 585 2880 Deo.
626 2821 824 2882 Nihilominus
851 2827 950 2883 tamen
970 2823 1055 2882 valde

101 2917 343 2976 commendandus
357 2925 400 2978 est
413 2919 576 2996 Mejestatis
590 2919 697 2980 divinae
717 2921 812 2982 timor.
853 2923 882 2982 N
883 2937 959 3000 eque·
970 2942 1055 3000 porro

100 3014 127 3074 is
140 3014 228 3074 timor
242 3015 346 3087 solum,
361 3035 448 3092 quem
467 3017 587 3077 filialem
610 3020 801 3098 appellamus,
817 3021 868 3098 qui
881 3022 949 3098 pius
962 3025 1007 3082 est
1022 3041 1056 3080 ao

102 3116 219 3172 sanctus
257 3113 393 3188 maxime,
428 3135 531 3176 verum
560 3117 648 3177 etiem
682 3119 764 3195 alter,
800 3101 914 3182 servilis
947 3122 1053 3182 dictus.

103 3214 217 3293 Quippe
239 3217 290 3292 qui
313 3215 427 3302 homini
447 3216 533 3276 utilis
556 3222 600 3278 est
623 3220 789 3295 admodum,
804 3226 834 3282 et
858 3241 1056 3300 saepenumero

101 3315 289 3388 necessarius,
304 3320 339 3376 ut
353 3336 370 3376 a
382 3317 500 3378 mortali
512 3324 639 3396 peccato,
662 3323 779 3400 quando
802 3323 929 3384 incidere
942 3321 1057 3384 contin·

102 3413 155 3490 git,
169 3433 318 3490 resurgere
330 3419 464 3494 prompte
477 3418 677 3481 studeamus.''

143 3521 191 3576 53.
223 3517 266 3574 ΙΙ.
295 3516 419 3577 Etiamsi
449 3538 519 3579 vera
544 3527 621 3582 eseot
644 3522 702 3582 ista
727 3523 886 3602 propositio
910 3524 1056 3585 affirmans

101 3613 248 3674 hominem
276 3615 337 3674 sola
375 3618 566 3680 delectatione
595 3621 652 3699 agi,
683 3642 742 3684 non
769 3625 866 3684 minus
889 3625 1056 3687 libertatem
