2410 4318
26 437 237 522 manure]
318 436 511 502 DeGratz'a
525 435 800 522 Effic.etSuffic.
952 459 1009 523 193

29 607 177 680 propter
193 607 309 677 actnm;
331 605 361 662 et
374 603 399 662 si
412 606 539 680 potestas
558 603 597 662 sit
617 601 769 671 sufficiens,
792 603 859 662 data
872 607 1014 680 potestate

34 703 142 761 datur
166 707 261 776 actus,
286 707 430 778 quantum
454 706 557 762 estex
586 705 669 779 parte
690 700 786 765 dantis
809 695 1012 780 potestatem.'’

38 804 188 872 Sunnnz,
204 803 224 860 1.
241 809 269 874 4,
286 821 310 861 c.
326 807 353 875 2,
370 821 399 861 n.
418 805 462 860 ll.
1011 865 1013 870 s

90 908 123 959 6.
152 901 198 959 5⁰.
222 901 323 960 Gratia
336 920 511 978 quamquam
526 904 636 960 remote
649 904 764 960 tantum
776 903 920 962 sufficiens
931 903 972 980 (d.
986 906 1012 975 1,
1127 959 1129 962 .

39 1021 75 1059 n.
95 1001 133 1080 6)
150 1021 268 1077 semper
286 1005 331 1059 θεὴ
344 1020 410 1060 vere
432 1005 462 1058 et
474 1000 591 1078 proprie
608 1001 772 1061 sufficiens:
794 1002 850 1061 etsi
864 1003 941 1060 enim
955 1023 1015 1060 non

43 1101 89 1158 sit
111 1099 149 1158 in
173 1119 205 1159 se
224 1099 356 1176 proxime
380 1099 525 1159 sufficiens
546 1101 583 1158 ad
603 1120 677 1177 opus
700 1100 875 1186 faciendum,
893 1120 922 1160 v.
937 1123 964 1178 g.
979 1102 1016 1160 ad

44 1221 129 1279 opus
159 1200 288 1260 arduum
314 1200 521 1277 prestandum,
547 1219 659 1276 semper
686 1203 784 1258 tamen
811 1205 856 1258 θεὴ
882 1200 1015 1276 proxime

46 1299 207 1360 sufficiens
220 1300 257 1358 ad
270 1299 501 1376 consequendam
520 1299 602 1358 illam
623 1299 709 1369 aliam
731 1299 863 1375 gratiam,
879 1301 1016 1377 quaeerit

47 1399 194 1476 proxime
213 1399 355 1459 sufficiens
375 1399 412 1458 ad
433 1419 505 1476 opus
527 1398 718 1458 efficiendum.
759 1398 828 1459 vid.
845 1400 933 1471 Susa,
948 1399 969 1460 l.
985 1403 1013 1472 4,

52 1518 78 1558 c.
97 1503 127 1570 3,
144 1519 176 1557 n.
193 1503 220 1556 8.

99 1601 128 1660 7.
151 1597 287 1657 Libertas
299 1597 454 1674 multiplex
469 1600 521 1668 est,
533 1597 652 1656 libertas
666 1595 842 1668 asernitnte,
858 1616 875 1654 a
888 1600 1013 1672 peccato,

56 1718 74 1756 a
96 1697 246 1756 coactione
266 1717 318 1756 seu
337 1697 485 1770 violentia,
500 1699 550 1756 &a
582 1697 637 1755 Sed
659 1697 707 1754 hic
721 1696 819 1771 agitur
833 1697 868 1754 de
882 1697 1017 1757 libertate

59 1819 77 1856 a
98 1796 281 1866 necessitate,
304 1816 368 1874 qnae
384 1816 449 1856 vere
469 1800 499 1854 et
516 1797 631 1873 proprie
651 1796 770 1855 libertas
784 1799 837 1856 eet.
877 1795 1017 1855 Liberum

60 1897 219 1957 arbitrium
243 1917 294 1956 sen
314 1897 433 1956 libertas
462 1897 552 1974 (idem
570 1897 648 1956 enim
672 1897 734 1956 haec
756 1897 813 1954 duo
835 1899 952 1972 sonant)
973 1901 1018 1955 est

60 1997 196 2076 potentia
217 2015 291 2074 quae,
317 1996 419 2074 positis
446 1997 579 2055 omnibus
606 1997 643 2054 ad
670 1997 813 2071 agendum
839 1996 1015 2068 necessariis,-

62 2100 161 2176 potest
184 2115 268 2172 agere
288 2096 337 2156 vel
358 2115 417 2154 non
440 2115 533 2172 agere.
577 2097 648 2156 Hac
669 2096 809 2168 definitio,
833 2096 875 2155 ait
895 2096 1017 2156 Gonnus

66 2199 118 2274 (de
140 2196 262 2256 Actibus
282 2196 435 2268 Humanis,
460 2216 490 2256 n.
512 2200 593 2274 253),
622 2197 710 2256 “fere
732 2196 861 2255 omnium
886 2195 1016 2256 catholi-

67 2295 185 2357 corum'’
201 2298 263 2354 est:
286 2299 316 2354 et
328 2314 428 2354 revera
442 2295 541 2354 nullus
554 2299 598 2355 est
611 2295 707 2371 gravis
725 2299 825 2355 auctor
842 2295 894 2372 qui
910 2315 972 2354 eam
985 2294 1017 2352 in

69 2397 188 2458 dubium
201 2400 332 2468 revocet3
356 2396 411 2456 etsi
421 2396 539 2474 quidam
549 2416 610 2456 eam
619 2417 671 2456 sno
679 2399 763 2456 modo
774 2397 1014 2474 interpretantur:

71 2497 131 2556 vid.
146 2499 301 2567 Britanna,
318 2497 353 2554 de
367 2497 434 2557 Act.
449 2496 541 2554 Hum.
552 2497 577 2554 d.
593 2500 621 2568 2,
638 2516 663 2555 a.
681 2500 706 2566 1,
725 2495 741 2574 5
756 2500 784 2554 4.

113 2601 159 2656 *8.
188 2599 306 2674 Duplex
333 2600 378 2657 est
398 2597 488 2674 hujus
514 2598 657 2657 libertatis
684 2596 802 2674 species,
828 2595 960 2655 exercitii
987 2597 1017 2654 ct

74 2697 298 2774 specificationis.
332 2698 463 2757 Libertas
473 2696 612 2770 exercitii,
624 2716 689 2774 qnae
701 2695 787 2755 etiam
797 2699 916 2754 vocatur
928 2694 1014 2754 liber·

75 2803 119 2857 tas
132 2796 369 2868 contradictionis,
380 2797 412 2856 in
425 2817 458 2857 eo
472 2800 517 2856 est
527 2798 578 2874 qni
588 2801 683 2874 potest
696 2815 780 2872 agere
790 2796 838 2855 vel
850 2815 909 2854 non
923 2813 1016 2870 agere.

79 2895 231 2956 “Libertas
251 2897 347 2974 quoad
367 2897 607 2974 specificationem
627 2901 746 2957 vocatur
766 2897 884 2955 libertas
904 2898 1014 2954 contra·
1065 2957 1072 2972 f

77 2995 181 3056 rietatis
207 3001 258 3056 ant
279 2997 473 3056 diversitatis:
504 3002 534 3056 et
557 2996 689 3056 consistit
714 2997 747 3056 in
772 2997 826 3056 boc
848 2996 925 3073 qnod
951 2993 1016 3071 quis

81 3101 167 3176 potest
185 3117 275 3156 unum
299 3098 376 3158 velle
397 3099 444 3157 vel
467 3099 530 3176 ejus
553 3098 737 3170 contrarium,
763 3117 791 3157 v.
812 3117 840 3172 g.
870 3115 964 3155 amare
988 3099 1017 3152 et
1051 3143 1053 3147 .

82 3197 172 3271 odisse,
193 3199 266 3256 bene
284 3217 367 3273 agere
388 3204 417 3257 et
436 3202 622 3274 peccare-et
641 3199 704 3256 haec
725 3201 769 3257 est
786 3198 904 3256 libertas
922 3193 1017 3273 quoad

84 3296 310 3374 specificationem
323 3297 494 3356 contrariam
511 3297 644 3378 [libertas
657 3293 884 3374 contrarietatis]
903 3319 911 3365 ;
931 3293 974 3353 vel
985 3293 1018 3350 in

84 3397 133 3454 hoc
151 3397 223 3474 quod
241 3397 332 3473 possit
351 3417 444 3456 unum
463 3398 511 3456 vel
531 3397 595 3474 ejus
614 3397 762 3457 diversum
782 3396 866 3469 vello,
886 3414 914 3454 v.
930 3415 958 3468 g.
980 3413 1018 3452 cx

86 3501 175 3560 multis
195 3501 297 3561 mediis
318 3503 355 3561 ad
381 3503 611 3562 consecutionem
637 3503 705 3561 finis
731 3500 870 3560 ordinatis
896 3500 950 3558 hoo
969 3499 1019 3558 vel

88 3601 153 3659 illud
164 3601 306 3662 velle-et
318 3603 381 3662 baec
396 3607 439 3662 est
452 3603 570 3662 libertas
584 3603 680 3681 quoad
703 3600 945 3679 specificationem
959 3598 1021 3676 dis-¹

88 3703 230 3779 paratam.”
272 3703 432 3778 annnnr,
449 3703 485 3763 de
499 3702 712 3776 Incarnatione‚
728 3703 757 3762 d.
773 3707 819 3778 18,
835 3721 852 3761 a
866 3706 893 3774 4,
911 3699 926 3781 5
942 3704 970 3760 2.

547 3807 583 3862 10
