2408 4304
171 409 233 474 432
562 387 619 457 De
639 387 775 457 Gratziz.
966 379 1064 478 [nrsr.
1078 405 1134 456 ιιι.

170 560 252 618 retur
265 556 358 619 vitem
371 557 538 619 aetemsm.''
578 558 660 618 Dens
680 556 804 634 quidem
829 559 962 618 statuere
985 555 1084 634 potuit
1103 563 1134 616 nt

171 677 257 736 opera
283 677 360 719 mere
373 657 531 718 'moraliter
551 657 626 717 bons
640 661 827 735 ponerentur
841 661 878 718 ut
892 657 1017 717 conditio
1030 655 1136 735 prremii

170 759 351 834 conferendi;
374 760 425 820 sed
438 759 582 838 ejusmodi
602 779 688 838 opera
710 778 772 820 uon
783 759 932 821 haberent
945 759 1042 819 ullam
1054 759 1136 818 ratio

170 879 238 920 nem
251 860 349 921 meriti
361 860 602 938 supernaturalis.
686 869 688 874 '

213 965 279 1020 109.
295 962 354 1021 111.
368 961 418 1020 Ex
430 965 513 1039 parte
524 960 581 1021 Dei
594 959 756 1038 requiritur
769 959 807 1018 ad
820 959 966 1020 meritum
979 959 1139 1038 promissio.

170 1062 245 1123 Haeo
259 1061 410 1140 promissio
432 1062 514 1122 mille
537 1061 608 1122 locis
631 1061 664 1120 in
684 1061 840 1140 Scriptura
853 1061 1058 1139 significatur.
1097 1065 1141 1121 An

170 1180 238 1222 vero
252 1161 412 1223 necessarie
425 1162 472 1236 sit,
488 1162 532 1222 its
544 1164 580 1222 ut
592 1161 710 1221 nullum
731 1181 805 1240 opus
818 1161 1011 1222 meritorium
1026 1163 1065 1222 de
1076 1182 1137 1223 con·

170 1261 258 1338 digno
272 1281 333 1323 esse
345 1262 447 1341 possit,
461 1261 520 1322 nisi
533 1261 651 1323 accedet
669 1261 734 1322 baec
747 1261 985 1340 promissio-de
998 1263 1137 1341 condigno

170 1363 245 1437 dico,
259 1382 292 1423 eo
306 1381 391 1424 sensu
405 1363 484 1440 quod
493 1363 573 1422 Deus
585 1365 734 1422 teneretur
747 1361 816 1423 dare
829 1361 1018 1440 premium?
1058 1363 1136 1423 Nihil

173 1462 209 1522 de
223 1463 278 1523 heo
291 1463 451 1542 qnaestiouo
473 1461 626 1523 definitum
649 1465 694 1522 est
709 1479 717 1520 ι
739 1462 790 1522 sed
803 1462 891 1540 louge
909 1461 1098 1523 communior
1110 1465 1135 1522 ot

169 1563 345 1640 probabilior
356 1563 442 1642 (mihi
450 1563 540 1642 certe)
550 1561 694 1623 sententia
706 1561 842 1623 affirmas
881 1563 976 1624 Ratio
990 1568 1047 1637 est,
1060 1564 1132 1642 quis,

170 1683 239 1725 oum
252 1665 334 1726 Dens
347 1683 466 1724 suorum
478 1665 618 1724 bonorum
640 1665 793 1740 supremus
812 1667 858 1724 est
871 1667 904 1724 et
916 1665 1076 1725 absolutus
1088 1665 1133 1725 do

169 1765 276 1838 minus,
291 1764 421 1824 absolute
444 1775 589 1842 repugnat
607 1767 643 1822 ut
663 1763 720 1822 ulli
741 1781 824 1840 purae
848 1769 994 1826 creaturae
1016 1764 1133 1842 obligari

169 1865 261 1943 possit
274 1865 310 1924 ad
320 1864 449 1926 dandum
456 1864 682 1942 praemium-ct
689 1867 807 1924 tantum
817 1864 1133 1944 premium—propter

171 1985 257 2044 opere
278 1964 467 2043 quantumvis
487 1964 520 2024 in
543 1984 573 2024 se
597 1965 681 2024 bone.
729 1963 797 2023 Etsi
818 1983 889 2024 vero
907 1964 1001 2039 Deus,
1026 1965 1131 2026 secluso

168 2065 364 2142 promissione,
379 2085 438 2126 ιιοιι
451 2067 585 2126 tenentur
596 2063 749 2143 praemium
759 2064 898 2139 tribuere,
915 2066 1031 2126 rectius
1039 2070 1130 2127 tumen
1191 2069 1192 2078 ’

169 2165 323 2226 dicendum
347 2170 392 2226 est
414 2185 487 2244 opus
504 2185 566 2226 esse
584 2168 616 2224 in
640 2184 670 2224 se
690 2169 721 2225 et
740 2166 947 2226 antecedenter
961 2167 1000 2226 sd
1012 2167 1129 2246 promis·

170 2263 282 2326 sionem
309 2267 431 2344 dignum
456 2265 593 2345 praemio:
617 2269 676 2325 tum
699 2269 818 2344 propter
837 2266 970 2327 rationes
979 2267 1046 2346 jam
1065 2267 1129 2327 dsu-

168 2365 228 2442 dss,
250 2387 281 2429 ιι.
300 2373 374 2441 111;
396 2379 454 2430 tum
473 2368 552 2447 qnia,
581 2367 741 2428 secundnm
760 2387 870 2442 omues,
891 2369 992 2446 posita
1010 2367 1127 2446 promis·

168 2468 258 2543 sione,
280 2468 402 2547 (lignum
422 2473 485 2543 est3
503 2469 634 2548 jamvero
654 2487 733 2528 mera
754 2467 983 2546 promissionum
995 2467 1127 2546 potestei

167 2569 247 2630 huno
260 2574 354 2630 totum
366 2569 494 2630 valorem
507 2567 667 2647 imertire.
708 2568 778 2629 vid.
792 2567 875 2628 Luco
884 2568 921 2628 de
935 2567 1125 2639 Poenitentia,

169 2667 198 2729 d.
214 2673 262 2744 24,
277 2688 307 2729 ιι.
325 2674 372 2744 13,
387 2689 405 2730 a
418 2689 475 2748 quo
488 2667 707 2747 aliquantulum
719 2667 868 2728 dissentio.
1191 2739 1192 2742 Ἴ

210 2770 301 2830 *llo
322 2769 421 2830 Posits
438 2769 636 2848 promissione,
651 2769 733 2830 Deus
747 2767 867 2846 quidem
881 2769 1047 2847 exjustitia
1058 2785 1124 2846 pre·

171 2869 264 2930 mium
277 2871 397 2932 reddere
408 2875 542 2932 tenetur:
566 2871 618 2948 qni
631 2870 734 2930 modus
755 2869 898 2947 loquendi
922 2869 1042 2929 omnino
1064 2888 1124 2929 con·
1191 2863 1192 2874 ’

168 2966 250 3045 gruit
271 2967 355 3028 modo
374 2968 514 3048 loquendi
535 2967 704 3046 Scripturas,
726 2967 848 3026 Patrnm
869 2970 900 3027 et
924 2967 1124 3028 Consiliorum.

169 3071 294 3142 Susauz,
311 3089 335 3130 o.
349 3074 396 3142 30,
411 3089 441 3128 ιι.
457 3074 483 3129 2.
524 3067 714 3146 Impossibile
734 3071 819 3138 esset,
840 3068 873 3126 in
894 3087 983 3145 opere
996 3085 1123 3146 compen·

167 3170 257 3241 diosc,
274 3171 462 3248 questionem
475 3171 511 3230 de
528 3169 646 3248 justitia
659 3188 724 3248 quae
738 3168 770 3228 in
783 3169 844 3229 Deo
859 3187 920 3228 esse
933 3173 1032 3246 potest
1044 3169 1122 3247 plene
1191 3141 1192 3220 i

166 3265 320 3332 discutere.
360 3271 408 3330 Ex
419 3270 509 3330 altera
521 3274 603 3346 perte
613 3269 750 3330 rideatur
761 3269 873 3328 Susnuz
886 3268 944 3342 hic,
958 3289 984 3328 c.
998 3273 1046 3342 30,
1056 3268 1121 3330 etde

166 3369 379 3441 Incarnetione,
393 3369 421 3430 dr
436 3375 465 3443 4,
480 3389 502 3429 s.
517 3375 544 3441 6,
559 3371 687 3429 maxime
709 3373 807 3429 autem
820 3368 852 3427 in
872 3368 1021 3446 Opusculo
1034 3373 1119 3438 sexto,

169 3471 247 3550 qnod
268 3469 438 3531 inscribitur
458 3470 535 3530 “De
554 3469 672 3548 justitia
699 3489 759 3547 quo
782 3470 862 3529 Dens
884 3469 984 3529 reddit
1010 3467 1120 3546 premis

169 3571 311 3645 meritis,’'
326 3575 375 3632 &c
415 3572 464 3630 Ex
485 3571 575 3634 altere
597 3590 667 3630 vero
680 3571 781 3649 sparte,
804 3571 895 3642 Luoo,
920 3571 957 3630 de
976 3571 1118 3630 Incsrnst

168 3673 196 3731 d.
213 3679 241 3744 3,
257 3691 279 3732 s.
298 3676 311 3729 1
328 3692 335 3742 ;
356 3673 487 3746 Lussror,
513 3672 548 3732 de
568 3673 693 3734 Perfect.
708 3673 766 3733 dir.
780 3673 802 3734 l.
820 3677 866 3747 13,
882 3691 906 3733 o.
920 3676 950 3733 2.
992 3672 1118 3733 Breviter
