2408 4304
249 1117 535 1192 DISPUTATIO
558 1121 854 1194 DUODEOIMA.

450 1335 498 1388 un
515 1335 659 1392 Memno,

373 1502 388 1580 5
405 1505 431 1563 1.
454 1503 586 1564 Nationes
599 1503 727 1566 Proeto.

116 1660 145 1720 1.
167 1658 212 1718 De
224 1658 313 1718 veniis
326 1660 457 1721 sensibus
476 1661 640 1741 impropriis
661 1683 732 1742 quos
751 1664 839 1724 habet
851 1663 1026 1724 venabulum

62 1757 205 1818 meritum
227 1756 361 1818 videatur
380 1760 531 1832 Wreenns,
546 1782 574 1840 q.
593 1767 658 1836 114,
674 1783 703 1822 n.
721 1768 746 1834 l,
787 1763 906 1841 Proprie
927 1782 1028 1840 eeeep·
1094 1794 1096 1796 v

63 1861 142 1918 tum
155 1857 308 1934 signifieat,
320 1859 353 1919 in
366 1861 517 1932 ebstrnoto‚
528 1862 655 1922 valorem
669 1883 720 1922 seu
734 1863 890 1923 bonitatem
900 1862 1026 1940 inopere
1122 1869 1126 1881 “

65 1957 111 2018 de
126 1961 267 2036 sosptem
289 1958 327 2019 ed
350 1959 538 2020 obtinendum
561 1962 729 2039 premium:
751 1963 783 2023 in
807 1965 939 2023 eenerete
958 1982 1027 2022 vere

71 2059 121 2117 eet
134 2056 231 2134 ipsum
244 2077 316 2136 opus
336 2063 372 2118 ut
393 2059 502 2120 hebens
514 2061 603 2122 istum
617 2064 753 2126 valorem.
794 2063 843 2122 Ita
856 2061 951 2142 quoad
964 2081 1025 2121 rem

71 2175 191 2218 omnes:
214 2157 280 2218 aliis
297 2157 503 2220 definientibus
523 2161 661 2221 meritum
680 2161 713 2221 in
736 2165 876 2234 senoreto,
903 2161 969 2221 aliis
993 2161 1026 2222 iu

73 2257 238 2331 abstraoto3
260 2257 326 2316 aliie
345 2256 422 2317 illud
445 2258 643 2336 speetnntibne
666 2263 702 2320 ut
721 2265 765 2322 est
790 2261 823 2322 in
849 2261 913 2339 ipso
940 2279 1026 2339 opere

74 2356 233 2431 meritorie,
246 2357 311 2418 aliis
323 2360 358 2418 ut
371 2361 416 2419 eet
428 2357 461 2418 in
474 2363 622 2438 operante.

116 2464 146 2522 ὓ.
166 2459 315 2530 Meritum,
328 2463 365 2521 ut
376 2461 425 2521 hio
444 2461 594 2538 recipitur,
616 2461 811 2538 theolegieum
824 2481 875 2522 seu
889 2481 1028 2540 superna·

74 2559 172 2619 turnle
200 2566 219 2596 ‘¹
231 2563 275 2620 eet
287 2558 380 2638 faetus
402 2560 633 2638 supernaturalis
651 2563 682 2620 et
701 2561 784 2634 liber,
806 2580 825 2621 e
843 2565 975 2620 ereatura
996 2561 1026 2620 in

74 2657 246 2738 obsequium
266 2659 322 2720 Dei
340 2659 497 2738 prostitue,
519 2661 555 2720 de
575 2679 605 2720 se
624 2664 726 2738 potens
745 2661 842 2722 Deum
860 2679 976 2720 movere
989 2661 1027 2720 ud

75 2759 283 2820 eonferendum
299 2757 418 2838 aliquod
438 2759 591 2838 premium
613 2759 841 2838 supernaturale.
882 2759 932 2820 Ita
950 2779 1028 2820 eem-

74 2859 176 2920 munis
199 2858 408 2936 theologorum.
457 2860 498 2920 llt
523 2876 575 2938 per
600 2859 675 2919 hone
702 2857 901 2920 definitionem
929 2857 1028 2920 differt

74 2957 213 3020 meritum
240 2956 435 3034 theolegieum
457 2977 475 3018 a
494 2958 597 3019 merite
621 2957 820 3038 philosophioo
838 2961 868 3019 et
885 2978 959 3038 pure
976 2977 1028 3019 na·

76 3055 176 3130 tureli,
203 3055 235 3115 vi
264 3055 349 3134 enjus
377 3059 508 3118 ereatura
527 3076 587 3119 nen
605 3061 734 3118 meretur
753 3077 770 3118 a
790 3057 853 3118 Dee
872 3057 1025 3137 proemium

77 3155 297 3235 supernaturale
316 3155 367 3216 sed
386 3157 478 3218 solum
491 3158 635 3220 naturale.
676 3157 794 3218 Dicitur
806 3160 904 3218 autem
924 3159 981 3218 ‘de
994 3177 1025 3218 ss

77 3259 181 3336 potens
203 3254 333 3315 merere'
358 3258 409 3317 too.
460 3256 538 3316 Nem
558 3257 629 3318 lieet
650 3257 731 3317 Deus
754 3276 772 3317 u
794 3256 877 3317 nullu
897 3255 1026 3317 bonitate

78 3358 174 3416 oreou
186 3354 278 3433 pessit
290 3355 399 3415 moveri
411 3356 448 3416 od
460 3357 613 3435 proemium
627 3356 842 3429 eonferendum,
864 3356 915 3416 sed
934 3356 1028 3418 solum

79 3475 97 3516 e
110 3475 163 3516 sua
174 3455 313 3530 bonitate,
325 3455 465 3518 fidelitate
473 3459 504 3516 et
511 3457 525 3535 j
529 3456 629 3517 ustitia
641 3477 648 3528 ;
669 3456 806 3517 meritum
820 3458 917 3516 umen
930 3475 1030 3535 super·

77 3555 209 3616 murelo
229 3555 318 3614 hebet
342 3558 453 3615 tontum
475 3557 690 3634 proportionem
710 3556 748 3616 ad
770 3555 862 3617 vitam
876 3559 1024 3629 ueternum,

80 3659 116 3717 nt
128 3657 225 3716 Deum
247 3653 284 3715 ud
305 3653 381 3716 hene
404 3655 607 3718 eonferendum
629 3658 725 3737 posset
749 3655 849 3716 striete
862 3674 984 3728 morere,
999 3655 1028 3716 o·
