2424 4300
404 1079 691 1151 DISPUTA'PIO
715 1081 925 1156 QUARTA.

204 1270 254 1324 DE
269 1269 504 1323 NECESSITATE
521 1272 665 1325 GRATDE
681 1271 932 1324 MEDICINALIS:
959 1273 1135 1326 Posmvn.

402 1441 418 1520 S
434 1447 461 1502 1.
484 1445 581 1506 Statue
595 1443 751 1522 questionis
765 1443 935 1519 explicatur.

234 1633 259 1691 l.
281 1627 352 1690 Sine
364 1628 457 1704 gretia
469 1629 636 1689 universam
649 1629 742 1706 legem
757 1631 787 1688 et
800 1627 897 1687 omniu
910 1629 940 1688 et
955 1627 1081 1706 singulo
1095 1631 1154 1707 ejus
1190 1615 1191 1676 ι

191 1735 336 1810 proeoepto
349 1731 458 1789 servari
472 1750 565 1807 posse,
588 1735 618 1790 et
639 1751 738 1790 omnes
758 1748 958 1808 quascumque
973 1732 1154 1792 tentationes
1190 1717 1191 1792 i

192 1834 321 1911 superari
342 1853 435 1910 posse,
463 1834 563 1892 doeuit
587 1834 733 1910 Pelagius.
774 1834 983 1893 Deonerunte
1007 1835 1153 1894 contrario

192 1937 340 1994 Lutherue
363 1939 392 1993 et
416 1936 555 1994 Calvinus
583 1944 727 2014 praeeepta
747 1936 822 2012 legis
851 1935 940 1996 etiem
965 1955 1036 1995 oum
1060 1937 1154 2012 gratia

195 2036 304 2095 servari
316 2056 375 2094 non
388 2057 480 2113 posse.
1190 2019 1191 2042 ¹

233 2144 262 2198 2.
285 2138 416 2198 Gratiam
430 2139 631 2199 medicinalem
640 2157 705 2217 quae
713 2139 849 2198 fidelibus
859 2139 955 2211 datur,
969 2137 1010 2197 iis
1023 2140 1154 2200 maxime

193 2241 244 2319 qui
257 2241 305 2318 pie
325 2241 441 2312 vivunt,
465 2245 517 2300 eut
538 2240 590 2318 qui
611 2259 674 2300 eom
694 2249 831 2317 rogantes
850 2239 998 2317 recipiunt
1011 2241 1155 2300 udoffieie

193 2363 246 2402 sua
265 2343 449 2421 exsequenda
472 2347 502 2402 et
514 2346 632 2419 peeoatu
652 2341 833 2414 declinanda,
855 2359 968 2418 semper
987 2341 1087 2401 etiem
1101 2343 1155 2401 ele·

190 2448 308 2504 vantem
321 2461 383 2502 esse
396 2461 515 2502 censeo:
537 2441 599 2502 vid.
614 2442 643 2503 d.
659 2446 686 2503 6.
696 2461 724 2502 n.
740 2445 787 2502 91.
828 2442 968 2500 Attamen
988 2441 1072 2501 hono
1087 2443 1156 2501 roti-

190 2563 257 2604 nem
290 2543 391 2620 gretiae
414 2541 598 2602 medicinalis
621 2542 670 2600 hie
691 2542 808 2600 omnino
829 2541 1006 2618 seponimus,
1030 2561 1157 2619 eamque
1190 2621 1191 2624 Ἴ

191 2644 289 2718 uteie,
315 2662 366 2702 eeu
383 2645 421 2703 ut
437 2661 510 2720 pure
530 2641 740 2714 medicinalem,
760 2644 932 2718 spectamus.
976 2640 1076 2700 Plura
1090 2649 1158 2700 sunt

192 2763 286 2821 opera,
309 2743 345 2801 de
365 2742 472 2820 quibus
485 2741 597 2820 inquiri
615 2745 712 2819 potest
726 2760 763 2800 an
776 2742 838 2799 haeo
858 2739 952 2816 gretia
966 2739 1005 2798 od
1025 2760 1064 2800 ea
1084 2760 1158 2819 pne
1190 2727 1191 2746 ³

192 2845 295 2903 stende
308 2842 468 2902 neeessaria
478 2843 525 2916 sit,
541 2847 571 2902 et
584 2861 642 2920 quo
656 2862 753 2902 eeneu.
794 2842 843 2900 Ex
856 2840 904 2900 hie
916 2840 976 2899 alio
988 2845 1075 2915 sunt,
1093 2861 1159 2920 quie

192 2944 254 3002 eine
268 2941 362 3018 gratia
375 2941 449 3000 effici
462 2961 520 3000 non
532 2945 672 3020 poeount;
693 2941 752 3001 ulia
761 2960 839 3013 vero,
855 2940 892 2999 ed
905 2958 971 3018 quoe
984 2943 1159 3017 prestanda
1190 3009 1191 3020 2

192 3044 313 3103 minime
330 3042 491 3103 neoeeouria
512 3047 557 3102 eet
587 3045 706 3120 gretio;
735 3042 794 3102 ulia
818 3041 955 3119 denique,
981 3041 1019 3102 de
1044 3044 1159 3121 quibus
1190 3035 1191 3116 i

193 3147 307 3204 eertum
319 3161 379 3202 non
389 3145 435 3202 eet
445 3161 507 3201 eam
518 3161 580 3202 esee
592 3143 792 3204 neeessariam.

233 3251 261 3306 3.
284 3246 379 3324 Opera
399 3244 505 3322 prioris
521 3245 636 3320 gonen'e
654 3248 722 3304 eunt
740 3245 779 3316 1⁰,
793 3243 880 3321 plena
899 3241 1030 3320 cognitio
1043 3245 1157 3305 verite·

192 3351 265 3418 tum,
289 3351 353 3405 tum
380 3364 446 3423 quae
466 3345 651 3422 opeouletivae
673 3348 742 3404 sunt
756 3348 819 3403 tum
839 3362 904 3422 quae
924 3342 1066 3420 proetieae
1092 3346 1160 3406 reli·

193 3446 287 3521 gionis
313 3446 471 3517 naturalis;
502 3446 545 3515 2⁰,
569 3445 659 3504 totius
680 3444 754 3520 legis
774 3443 965 3516 observantia,
988 3447 1162 3522 presertim

194 3547 326 3605 executio
340 3566 460 3624 operum
469 3546 637 3619 arduorum
661 3543 702 3620 3⁰,
714 3543 848 3622 gravium
855 3543 1053 3604 tentationum
1070 3567 1161 3625 enee

193 3646 277 3706 ratio.
317 3647 375 3706 Hie
396 3647 463 3705 addi
478 3649 608 3723 possunt,
624 3645 679 3704 etsi
693 3645 788 3721 gretie
809 3645 844 3704 ad
864 3664 912 3704 eus
931 3647 1105 3708 necessaria
1119 3658 1161 3706 est
