2402 4292
150 451 215 514 340
518 427 574 494 De
591 425 726 494 Gratiis.
944 428 1051 518 [mss.
1068 451 1115 496 rx.

147 598 223 668 tium
236 595 337 658 inillis
349 595 420 658 loeis
438 614 491 674 per
511 595 734 656 similitudinem
753 595 883 656 vestium
904 595 1114 674 significantur

149 699 234 758 vuido
253 697 409 758 intrinseca
429 696 623 758 sunt-deoor
642 697 677 756 'st
699 696 843 756 fortitudo
866 697 936 769 Dei,
961 703 1117 775 peecatum

149 799 245 859 Judae.
285 798 353 860 Vid
366 797 454 857 etiam
467 797 573 857 Ecolio.
588 795 654 856 xiii.
671 800 683 855 l
696 816 704 868 ;
727 795 798 856 lsai.
812 795 834 854 l.
853 801 890 870 33
912 797 949 856 li.
967 803 1004 868 9;
1027 798 1073 858 lii.
1092 802 1115 856 Ι.

191 903 239 957 98.
266 895 366 976 object.
381 899 410 958 4.
430 897 546 956 Diserte
559 895 591 954 iu
605 895 757 972 Scriptura
771 896 938 956 affirmatur
951 917 1008 956 nos
1018 899 1117 975 justos

150 1017 221 1071 esse,
236 1016 295 1058 non
308 1016 346 1057 ex
358 999 457 1076 nostre
465 994 584 1074 justitia
593 995 675 1056 nobis
687 995 859 1070 inherentes,
876 997 930 1056 sed
944 1017 986 1058 ex
994 999 1117 1076 justitia

151 1096 268 1172 Christi,
293 1096 377 1158 nobis
408 1096 512 1174 utique
539 1095 824 1174 imputator-“Ex
845 1095 1044 1176 ipsolautem
1065 1117 1117 1158 ros

150 1199 220 1260 estis
232 1199 265 1258 in
278 1197 394 1258 Christo
407 1199 426 1257 ,1
429 1217 489 1270 eeu,
505 1196 557 1275 qui
576 1195 670 1256 faetus
684 1199 729 1276 est
741 1197 825 1256 nobis
845 1199 995 1275 sapientia
1009 1220 1030 1260 a
1042 1201 1115 1273 Deo,

150 1301 181 1361 et
189 1297 307 1378 justitie
317 1301 348 1360 et
361 1297 551 1358 sanctificatio
564 1300 595 1356 et
607 1296 767 1374 redemptio
777 1295 806 1358 :’'
824 1301 838 1356 1
857 1299 925 1359 Gor.
939 1298 960 1360 i.
976 1304 1027 1360 30.

192 1403 237 1458 99.
259 1399 343 1474 Rosp.
367 1401 385 1432 “
397 1397 436 1458 10.
459 1398 537 1474 Ergo
550 1395 592 1456 sio
608 1395 719 1456 Christi
730 1397 894 1475 redemptio
908 1399 1010 1460 sotius
1025 1400 1115 1479 (huno

152 1497 230 1558 enim
243 1497 325 1558 addit
338 1498 508 1576 Apostolus)
530 1496 613 1558 nobis
631 1496 835 1574 imputabitur,
852 1517 886 1558 eo
900 1505 1117 1578 consequenter

152 1594 260 1655 erimus
281 1611 334 1654 nos
355 1595 552 1671 redemptores
573 1593 675 1666 nostri,
700 1595 778 1670 quod
798 1598 843 1653 est
856 1596 1033 1658 absurdum.
1074 1598 1119 1657 2⁰.

153 1695 300 1772 Sapientia
320 1694 404 1754 nobis
426 1695 550 1754 inhoeret
563 1697 593 1752 et
605 1693 686 1766 fides,
711 1713 778 1770 ergo
800 1697 830 1752 et
847 1695 988 1770 justitia:
1011 1698 1117 1756 eodem

152 1793 230 1853 enim
243 1795 327 1852 modo
341 1794 383 1852 ait
397 1793 555 1871 Apostolus
577 1793 729 1852 Christum
748 1793 860 1852 foetum
873 1814 937 1854 esse
951 1796 1041 1854 nobis
1050 1797 1116 1873 jus-

153 1896 249 1957 titiam
274 1901 304 1956 et
326 1894 527 1972 sapientium.”
571 1897 600 1954 A
614 1895 737 1968 Lusius,
753 1895 784 1954 in
798 1895 853 1954 loo.
898 1897 942 1957 3⁰.
967 1903 987 1932 “
998 1897 1117 1957 Distin-

153 2017 233 2074 guo:
255 1996 387 2056 christus
413 1996 507 2056 foetus
535 1998 579 2056 est
600 1995 683 2054 nobis
706 1993 883 2073 justificatio
903 1997 1068 2058 efficienter
1086 2005 1118 2057 et

153 2096 317 2157 meritorie:
341 2096 487 2156 Ooneedo:
510 2095 702 2154 Formalitsr:
719 2095 811 2172 Nego.
852 2095 1058 2175 Metonymioe
1067 2097 1117 2156 hio
1197 2109 1198 2124 ¹

155 2197 309 2277 siquidem,
323 2201 359 2256 ut
372 2196 443 2256 alibi
456 2198 571 2273 passim,
594 2196 716 2256 effeetus
729 2216 781 2274 pro
795 2198 913 2256 osusa.”
957 2199 1114 2270 Prason,

154 2320 184 2359 n.
200 2303 268 2360 509.
309 2297 453 2374 Exempla
473 2297 565 2374 hujus
588 2316 659 2356 usus
680 2296 821 2375 loquendi
843 2317 882 2356 ex
906 2298 937 2358 S.
959 2299 1116 2376 Scriptura

155 2397 266 2459 indiost
280 2399 431 2456 Bmmmu
446 2396 466 2456 L
482 2401 509 2470 2,
526 2415 551 2456 o.
569 2399 625 2455 10:
648 2401 683 2456 ut
704 2416 772 2456 eum
796 2396 905 2456 dieitur
927 2399 1011 2458 Deus
1028 2400 1114 2458 forti-

112 2554 115 2560 .
157 2501 228 2560 tudo
250 2501 357 2568 nostre,
390 2496 568 2556 illuminatio
591 2500 699 2568 nostro,
731 2497 809 2558 sulus
831 2503 940 2572 nostra,
967 2499 1116 2578 potientis

159 2603 260 2659 nostra
274 2597 394 2676 (Psalm.
418 2595 490 2654 xvii.
504 2601 540 2670 23
563 2596 647 2656 xxvi.
672 2600 685 2655 1
699 2616 707 2668 ;
728 2596 793 2658 lxx.
804 2597 856 2675 5);
878 2601 984 2676 utpote
992 2599 1049 2676 qui
1062 2618 1116 2657 nos

157 2701 246 2759 fortes
267 2696 347 2770 iacit,
371 2695 560 2769 illuminatos,
589 2695 692 2768 salvos,
726 2697 879 2772 patientes.
929 2698 1039 2758 Modus
1066 2699 1119 2758 illu

157 2799 303 2880 loquendi,
326 2797 404 2876 apud
418 2815 516 2856 omnes
539 2799 640 2872 gentes
663 2796 942 2870 valde'oommuuis,
958 2799 1118 2858 adhibetur

158 2903 195 2962 ud
218 2900 338 2977 gravius
363 2902 394 2959 et
427 2898 640 2976 significantius
673 2897 858 2958 indicandam
879 2899 942 2958 vim
971 2900 1116 2960 efficacem

161 3019 254 3062 oausae
267 3000 300 3058 in
313 2999 419 3058 effectu
440 2997 597 3058 efficiendo.
639 2998 683 3056 Eo
706 3002 804 3058 sutem
825 2999 882 3058 duo
897 3019 1012 3077 semper
1024 3001 1116 3076 sigui·

159 3103 292 3162 fioontur.
335 3098 392 3166 Sio,
408 3097 433 3156 si
447 3097 554 3156 dieitur
575 3103 594 3129 “
605 3098 710 3157 Petrus
723 3099 778 3157 erit
786 3099 806 3158 J
807 3099 907 3158 oannis
914 3119 1002 3178 mors,
1018 3101 1113 3170 ruins,

161 3197 271 3272 salus,'’
287 3199 347 3268 dre,
367 3193 404 3265 1⁰,
421 3193 605 3270 significatur
617 3195 636 3254 J
637 3214 758 3256 oannem
772 3215 832 3256 esse
845 3199 1034 3270 moriturum,
1049 3219 1116 3276 per-

162 3300 298 3371 dendum,
313 3295 493 3366 salvandum,
512 3297 560 3353 tro.
576 3297 606 3352 et
618 3294 649 3353 id
663 3315 722 3352 uon
742 3295 809 3356 ficte
823 3300 853 3354 et
866 3297 1048 3374 imputative
1069 3299 1118 3358 sed

161 3419 229 3460 vere
243 3402 272 3458 et
284 3395 423 3474 proprie3
445 3395 488 3466 20,
512 3395 631 3452 Petrum
655 3394 790 3454 futurum
812 3415 873 3456 esse
896 3416 1015 3458 oausam
1035 3398 1119 3458 illius

163 3497 275 3570 mortis,
290 3495 391 3564 ruiuae,
408 3493 519 3566 salutis,
537 3496 587 3552 dio.

205 3602 271 3657 100.
298 3595 421 3671 Uryetur
444 3599 470 3668 1,
498 3613 536 3652 ex
555 3598 573 3651 2
599 3593 662 3653 (ior.
687 3613 716 3654 v.
741 3599 775 3654 21
794 3595 961 3671 :-“Eum,
984 3597 1039 3676 qui
1062 3617 1121 3658 non

73 3759 76 3766 ,
165 3699 286 3760 noverat
297 3695 458 3771 peccatum,
470 3696 620 3769 peoostum
633 3713 685 3771 pro
698 3694 781 3755 uobis
793 3695 875 3769 feeit,
884 3700 919 3758 ut
928 3715 983 3757 nos
996 3699 1120 3760 effioere·

1194 3825 1198 4036 t
