2424 4300
159 359 216 422 132
536 338 592 405 De
609 335 739 405 Gratas.
965 334 1066 424 [mse.
1081 360 1110 405 v.

153 509 278 580 sanctus,
294 505 326 566 in
339 509 467 585 tempore
481 506 671 584 opportuno.’'
713 505 818 565 Psalm.
841 503 928 564 xxxi.
942 510 970 565 6.
1016 504 1112 563 “Nor

149 605 359 684 justificabitur
382 605 415 666 in
441 609 597 684 conspectu
624 609 675 665 tuo
699 604 792 665 omnis
812 603 948 664 virens.”
1002 604 1110 663 Psalm.

154 707 235 767 cxlii.
253 713 281 768 2.
325 713 344 744 “
358 707 425 768 Νοιι
438 712 482 768 444
495 707 581 768 homo
597 707 697 786 justus
710 705 742 766 in
755 710 841 780 terra,
855 705 907 784 qui
921 704 1012 766 faciat
1026 707 1110 777 bono,

154 817 185 870 et
207 830 266 870 non
285 809 415 888 peccet.'’
457 809 568 870 Eccles.
596 809 646 869 vii.
674 812 722 869 21.
761 806 805 867 Hi
826 806 996 880 sufficiant3
1016 826 1113 886 nequa

155 931 226 990 opus
240 915 285 972 est
299 916 352 972 aut
366 931 413 972 ecs
427 931 558 972 enarrare
572 915 624 971 aut
637 910 708 970 alios
723 909 895 971 exscribere.

196 1019 243 1072 32.
265 1018 477 1074 Areumerrmr
500 1035 533 1074 00
555 1014 687 1086 Ratione,
710 1017 746 1072 ut
766 1032 860 1090 supra,
876 1031 905 1072 n.
925 1014 969 1069 14.
1016 1013 1113 1072 “Non

154 1115 250 1190 potest
277 1114 363 1174 homo
385 1115 529 1174 abstinere
554 1115 589 1174 ab
614 1114 692 1172 omni
711 1117 828 1191 peccato
850 1110 968 1184 veniali,
992 1115 1113 1190 propter

154 1215 367 1294 corruptionem
382 1216 528 1277 inferioris
548 1216 695 1295 appetitus
715 1214 928 1276 sensualitatis:
951 1213 1039 1292 cujus
1052 1233 1111 1272 mo·

154 1323 203 1378 tus
227 1318 357 1395 singulos
393 1319 511 1396 quidem
532 1319 606 1378 ratio
631 1318 786 1396 reprimere
807 1320 972 1395 potest-et
994 1335 1034 1376 ex
1058 1317 1112 1376 hoc

154 1419 264 1479 habent
276 1418 419 1479 rationem
438 1419 550 1497 peccati
570 1423 599 1478 et
619 1417 777 1478 voluntarii
787 1440 795 1492 ;
815 1437 873 1476 non
888 1420 987 1476 autem
1002 1435 1111 1476 omnes.

157 1517 242 1592 Quia,
258 1519 328 1578 dum
353 1517 406 1578 uni
429 1519 561 1578 resistere
585 1517 701 1591 nititur,
724 1516 855 1577 fortassis
875 1516 950 1576 alius
963 1515 1110 1592 insurgit:

157 1622 187 1678 44
214 1618 302 1678 ctiam
326 1617 396 1696 quia
418 1617 499 1692 ratic¹
513 1638 571 1677 non
592 1637 703 1695 semper
725 1620 821 1694 potest
843 1635 904 1676 esse
926 1614 1056 1693 pervigil
1077 1615 1112 1674 ad

156 1715 322 1794 hujusmodi
343 1717 440 1775 motus
467 1714 632 1774 vitandos.”
684 1717 714 1776 S.
741 1715 871 1786 Tuours,
902 1716 926 1771 l.
944 1716 972 1785 2,
996 1733 1025 1790 q.
1046 1716 1109 1783 109,

155 1836 179 1876 a.
203 1822 230 1876 8.
273 1817 376 1882 “Qum
398 1815 514 1894 quidem
539 1814 682 1895 [humana
704 1809 825 1895 natura]
839 1813 909 1873 licet
921 1813 1110 1890 pergratiam

156 1923 272 1971 sanetur
294 1915 437 1990 quantum
461 1913 498 1972 ad
521 1915 658 1984 mentem,
682 1914 814 1971 remanet
837 1913 935 1969 tamen
948 1908 981 1967 in
995 1928 1031 1970 aa
1051 1929 1109 1968 cor·

155 2011 252 2090 ruptio
274 2016 304 2072 ct
326 2011 445 2073 infectio
469 2014 613 2090 quantum
637 2011 674 2072 ad
697 2009 831 2083 carnem,'
845 2009 898 2087 per
917 2028 1007 2087 quam
1022 2008 1111 2068 servit

154 2111 214 2188 legi
227 2111 346 2189 peccati,
361 2123 397 2172 ut
411 2113 520 2174 dicitur
539 2114 577 2173 ad
597 2113 680 2173 Rom.
702 2111 754 2172 vii.
776 2116 823 2171 25.
864 2111 1009 2170 Remanet
1022 2109 1110 2170 etiam

155 2213 288 2290 quaedam
319 2214 489 2291 ignorantiae
522 2215 680 2277 obscuritas
700 2215 733 2274 in
753 2213 914 2286 intellectu,
948 2212 1109 2272 secundum

155 2334 242 2392 quam
257 2314 305 2394 (ut
319 2315 408 2375 etiam
421 2315 530 2378 dicitur
544 2318 626 2376 Rom.
641 2315 704 2386 viii,
721 2315 772 2391 26)
790 2313 880 2392 ‘quid
894 2331 1018 2385 oremus,
1034 2312 1110 2372 sicut
1189 2305 1190 2310 ’

154 2419 279 2493 oportet,
295 2416 461 2479 nescimus?
503 2421 626 2497 Propter
645 2417 741 2478 varios
761 2415 839 2478 enim
858 2435 952 2476 rerum
975 2419 1107 2489 eventus,

154 2519 184 2576 at
197 2516 267 2594 quia
280 2517 368 2578 etiam
382 2537 434 2577 nos
447 2517 525 2596 ipsos
538 2537 597 2578 non
611 2517 738 2596 perfecte
751 2515 956 2594 cognoscimus,
972 2535 1033 2575 ιιοιι
1046 2535 1110 2594 pos·

155 2635 254 2676 sumus
281 2617 456 2696 adplenum
480 2619 553 2680 scire
573 2618 646 2698 quid
669 2617 752 2679 nobis
777 2615 922 2694 expediat,
948 2616 1109 2676 secundum

153 2716 229 2777 illud
245 2719 334 2796 Sap.
325 2740 367 2778 rx.
387 2723 431 2792 14,
456 2719 591 2798 ‘Cogitat
548 2721 671 2782 tationes
690 2724 766 2780 mort
755 2719 890 2780 taliumt
877 2717 997 2790 timidae,
1022 2718 1108 2779 atin-

154 2823 213 2878 cert
215 2840 237 2878 44
251 2820 440 2896 providentiae
454 2827 520 2884 ιιο44
521 2821 599 2884 ree.’'
603 2823 739 2883 ’.Idom
750 2821 821 2881 ibid.
837 2840 863 2879 4
880 2825 907 2879 9.

414 3124 473 3204 §ft
499 3127 650 3186 Solvuntur
676 3128 848 3205 Objeete'onea

195 3333 243 3388 33.
272 3326 371 3406 object.
391 3334 415 3388 l.
439 3330 522 3396 Quod
535 3330 623 3390 vitari
643 3350 701 3390 ιιοιι
720 3336 817 3409 potest
830 3351 888 3390 non
902 3335 946 3391 est
959 3329 1107 3391 liberum:

156 3429 233 3504 quod
251 3427 375 3488 liberum
395 3449 452 3489 non
468 3435 512 3490 est
525 3434 675 3508 peccatum
695 3450 753 3490 non
774 3435 826 3491 444.
805 3431 935 3491 t.Vid
952 3430 1109 3491 solutiones

154 3527 245 3604 hujus
259 3528 427 3603 objectionis
442 3550 536 3606 supra,
552 3550 582 3590 ιι
601 3535 645 3601 15,
663 3533 712 3589 &a

196 3632 241 3685 34.
268 3629 411 3703 0440042
435 3631 533 3689 Posito
557 3631 630 3690 serie
654 3631 889 3690 ttentaionumv.
905 3651 933 3706 g.
949 3650 1000 3707 per
1021 3635 1110 3690 totam

1174 4163 1190 4272 4
