2424 4300
160 403 219 468 126
261 440 264 444 -
536 398 592 466 De
609 397 738 466 Gratt‘cz.
962 399 1063 486 [mse.
1079 423 1111 466 v.

155 564 209 624 teli
223 563 270 624 die
284 567 314 625 et
326 567 477 642 permanet
489 565 526 625 ad
539 570 668 640 mortem,
685 565 803 626 nonnisi
821 566 1041 628 accidentaliter
1054 565 1113 626 dis-

157 669 262 742 crepat,
285 669 316 724 et
328 669 363 724 ut
372 665 466 743 majus
479 683 497 724 a
509 666 624 740 minori,
641 669 743 743 utpote
763 665 987 743 perseverantia
1002 667 1113 726 donum

156 763 394 837 efficacissimum,
409 769 439 824 et
451 764 568 826 nonnisi
585 764 770 842 paucioribus
793 765 851 825 imo
874 765 1060 843 paucissimis
1073 785 1112 826 cx

154 864 226 941 ipsis
256 864 468 942 praedestinatis
500 865 611 926 datum.
663 865 843 943 Hujusmodi
871 867 979 927 donum
1011 864 1112 924 vocari

154 969 248 1041 potest
269 964 455 1041 priuilegium
477 964 633 1042 improprie
654 966 788 1026 dictum:
814 966 870 1026 etsi
890 965 969 1026 enim
992 963 1113 1024 nonnisi

155 1064 330 1142 quibusdam
352 1063 459 1124 eximie
482 1064 600 1124 delectis
624 1065 718 1139 detur,
741 1085 800 1124 nou
821 1070 984 1126 esttamen
1009 1069 1113 1125 eontra

153 1163 280 1240 aliquam
294 1163 388 1240 legem
401 1163 573 1241 generalem.
615 1164 709 1226 Tertii
728 1165 798 1224 doni
811 1165 945 1242 exempla
957 1168 1029 1224 sunt
1042 1183 1110 1224 con·

154 1263 250 1341 ceptio
263 1263 458 1337 immaculata,
473 1263 693 1339 immortalitas3
715 1265 765 1326 lex
786 1270 830 1325 est
842 1265 920 1325 enim
932 1264 1112 1324 universalis

152 1368 187 1424 ut
201 1382 299 1424 omnes
310 1363 509 1440 concipiantur
519 1363 581 1424 sine
591 1364 718 1442 justitia,
733 1369 763 1424 et
776 1369 811 1424 ut
823 1384 922 1424 omnes
932 1365 1108 1424 moriantur.

153 1462 332 1542 Hujusmodi
345 1464 453 1523 donum
467 1464 581 1542 proprie
595 1469 625 1524 et
635 1464 736 1526 stricte
755 1463 941 1542 privilegium
954 1469 999 1524 est
1016 1483 1024 1523 :
1045 1464 1108 1537 vid,
1204 1483 1205 1488 ¹

153 1568 295 1624 tractatus
317 1563 353 1624 de
376 1564 513 1640 Legibus.
535 1565 659 1636 Susam,
673 1584 702 1624 n.
720 1569 753 1622 11
770 1564 828 1623 etl.
841 1567 887 1637 10,
903 1583 926 1624 o.
942 1569 969 1634 8,
983 1583 1015 1622 ιι.
1029 1568 1111 1622 29-

152 1660 304 1722 aliasvero
328 1659 459 1738 quinque
481 1661 641 1722 sententias
665 1661 700 1722 de
722 1660 938 1720 confirmatione
958 1659 990 1718 in
1011 1661 1110 1736 gratia

152 1761 252 1822 videas
266 1763 343 1839 apud
357 1762 486 1834 Gonnus,
508 1781 537 1822 ιι.
558 1763 626 1833 226,
643 1764 693 1822 deo.
736 1761 881 1829 Quoniam
902 1781 969 1837 ergo
989 1761 1042 1820 lex
1063 1765 1110 1821 est

154 1863 335 1935 universalis,
351 1866 386 1922 nt
399 1863 498 1922 nullus
511 1863 595 1922 homo
609 1863 641 1922 in
653 1867 716 1924 tota
730 1864 792 1924 vita
805 1862 844 1922 sit
854 1861 994 1922 immunis
1008 1883 1026 1922 a
1039 1882 1108 1940 pec·

150 1960 222 2020 eatis
239 1960 327 2020 etiam
350 1961 523 2036 venialibus,
546 1962 733 2040 quantumvis
756 1967 873 2024 sauctus
895 1962 957 2032 sit;
988 1961 1014 2020 ei
1038 1962 1109 2039 quis

149 2059 301 2135 eximatur,
317 2065 416 2120 eontra
428 2061 522 2138 legem
533 2067 563 2122 et
576 2063 728 2140 privilegio
739 2063 886 2124 eximitur.
928 2061 1011 2120 Hinc
1026 2062 1106 2140 ejus-

150 2159 226 2218 modi
239 2158 407 2220 immunitas
428 2181 485 2220 non
499 2168 618 2222 vocatur
636 2164 733 2240 gratia
754 2162 897 2240 specialis,
921 2162 1105 2238 sedprivr‘le-

147 2257 225 2334 gr'um
238 2258 370 2334 speciale.

187 2359 256 2417 ⁴⁵21.
280 2358 321 2418 2⁰.
343 2360 380 2418 In
395 2379 452 2436 quo
473 2360 606 2420 consistit
625 2361 680 2420 hoo
700 2359 886 2437 privilegium
907 2359 1106 2419 immunitatis

149 2459 179 2516 iu
195 2463 255 2517 tota
276 2460 337 2518 vita
360 2460 396 2518 ab
420 2459 498 2518 omni
522 2465 637 2537 peccato
662 2463 748 2519 etium
774 2459 910 2520 veniali?
951 2462 1036 2535 Reep.
1062 2461 1104 2518 1⁰.

150 2557 292 2618 Primario
316 2567 346 2619 et
369 2560 535 2619 radicaliter
555 2559 688 2620 consistit
711 2561 742 2618 in
763 2559 942 2620 extinctione
959 2559 1007 2618 vel
1028 2559 1105 2636 liga-

150 2660 228 2720 tione
241 2663 369 2738 perfeota
382 2663 501 2722 fomitis.
544 2663 602 2722 Hic
623 2663 701 2722 enim
715 2667 761 2722 est
773 2653 912 2740 primaria
925 2660 1061 2720 radicalis
1075 2667 1108 2720 et

150 2781 320 2837 permanens
333 2783 419 2822 causa
439 2765 563 2824 incitans
576 2765 612 2822 ad
626 2769 785 2840 peecatum.
827 2761 868 2824 2⁰.
890 2765 939 2822 An
953 2781 1021 2821 vero
1036 2782 1107 2822 eum

149 2863 205 2923 ista
228 2863 369 2940 ligatione
393 2864 537 2924 sufficiant
563 2865 675 2924 auxilia
709 2862 899 2924 communia?
948 2863 1108 2922 Affirmant

151 2966 241 3025 Satn.
257 2985 287 3024 n.
303 2969 380 3024 234:
403 2965 456 3024 illa
469 2965 547 3024 enim
567 2967 680 3025 auxilia
699 2967 787 3026 etiam
808 2965 890 3025 nobis
904 2965 1055 3024 sufficiunt
1068 2965 1106 3023 ad

153 3065 272 3125 vitanda
296 3063 421 3123 venialia
444 3066 528 3141 plene
552 3066 729 3126 deliberata:
763 3067 853 3142 ligato
880 3069 978 3124 autem
1002 3064 1106 3124 fomite

152 3185 209 3224 uon
233 3171 328 3223 essent
351 3169 468 3241 peccata
488 3165 692 3242 subreptionis.
745 3166 868 3238 Surena,
898 3163 1106 3240 defllllysteriis

152 3271 203 3342 &c
220 3267 248 3326 d.
264 3272 291 3338 4,
309 3286 331 3326 s.
347 3272 374 3337 4,
391 3286 420 3326 ιι.
437 3273 463 3337 4,
482 3266 595 3325 videtur
615 3266 801 3344 privilegium
816 3267 977 3326 beatotum
991 3263 1022 3322 in
1037 3283 1105 3324 con·
1200 3341 1201 3350 ἵ

151 3367 314 3428 firmatione
337 3368 481 3444 ingratia
504 3388 660 3444 reponere:
683 3387 771 3444 qnam
796 3365 971 3428 sententiam
985 3363 1104 3441 impug·
1200 3361 1201 3372 ¹

152 3474 225 3526 nent
245 3467 333 3526 iidem
356 3467 447 3531 Satn.
463 3488 492 3526 n.
507 3472 574 3527 230.
618 3467 674 3526 Sed
687 3466 720 3524 iu
734 3466 800 3525 aliis
814 3467 885 3526 loeis
902 3465 1020 3524 uidetur
1034 3462 1106 3523 satis

154 3568 229 3626 clare
253 3567 393 3626 affirmare
419 3568 620 3627 necessitatem
648 3566 850 3625 exstinctionis
873 3567 921 3626 vel
954 3567 1105 3643 ligationis

151 3666 272 3740 fomitis,
295 3673 329 3726 ut
348 3666 419 3726 ibid.
435 3688 457 3726 s.
474 3673 501 3740 5,
516 3687 546 3728 n.
566 3672 589 3741 1,
607 3673 634 3740 6,
650 3667 688 3725 de
708 3666 819 3739 Gratia,
835 3667 855 3724 l.
870 3686 896 3727 e.
910 3686 940 3726 ιι.
958 3671 1003 3740 11,
1020 3672 1059 3726 24
1074 3671 1105 3726 et
