2424 4300
183 457 242 518 ¹70
555 433 610 497 De
627 431 759 499 Gratia.
976 435 1083 520 [urse.
1097 455 1141 500 vr.

216 609 263 661 41.
286 605 460 678 Arpocrates
482 621 515 658 ra
536 599 701 673 Scriptura.
743 601 960 659 Anauunurua
976 601 1003 659 Ι.
1026 620 1068 660 ex
1082 603 1142 659 sin·

176 704 254 778 gulis
275 704 346 760 loeis
367 707 397 759 in
419 702 525 778 quibus
545 705 708 776 peccatores
728 701 906 760 exhibentur
927 704 961 759 ut
981 721 1036 778 per
1054 721 1142 778 opere
1202 669 1204 786 i

154 781 160 790 ⁸
176 803 397 879 poenitentialia
408 802 456 860 vel
468 803 528 859 solo
543 805 610 859 actu
624 799 808 859 contritionis
820 801 936 859 veniam
949 805 1139 878 peccatorum

176 909 206 960 et
219 903 341 976 gratiam
357 901 569 978 justificantem
586 899 780 976 recipientes:
802 900 859 958 ista
874 901 953 959 enim
967 921 1057 978 opera
1072 921 1140 960 vere

176 1007 207 1063 et
233 1004 318 1062 valde
346 1003 485 1061 salutaria
511 1005 589 1074 sunt,
619 1001 727 1078 quibus
761 1001 958 1060 mediantibus
986 1002 1141 1062 obtinetur

177 1103 262 1162 venia
275 1109 456 1179 peccalorum
471 1102 559 1160 etiam
577 1101 750 1175 ingentium.
792 1101 972 1177 Exemplum
992 1102 1089 1160 habes
1109 1101 1139 1160 in
1202 1049 1204 1166 i

175 1205 281 1276 David,
296 1205 392 1279 2Reg.
405 1205 459 1262 xii.
473 1208 508 1264 13
521 1208 592 1262 :-“
605 1202 692 1261 Dixit
700 1203 794 1260 David
804 1203 840 1260 ad
848 1203 969 1260 Nathan
981 1223 988 1260 :
1013 1203 1139 1262 Peccari
1203 1201 1204 1246 ἶ

176 1304 311 1364 Domino.
353 1304 499 1379 Dixitque
518 1303 640 1362 Nathan
661 1303 699 1361 ad
713 1302 829 1362 David:
851 1301 999 1361 Dominus
1018 1321 1138 1380 quoqne

177 1404 330 1462 transtulit
349 1409 500 1480 peccatum
521 1402 638 1462 tuum.''
680 1402 745 1460 Etsi
767 1400 864 1461 brevis
883 1401 924 1462 sit
941 1401 996 1462 illa
1012 1403 1135 1474 locutio,

176 1503 318 1580 “peccavi
330 1502 486 1572 Domino,”
504 1521 541 1560 ex
551 1501 635 1559 corde
649 1505 746 1560 tamen
760 1502 888 1578 profecta
901 1505 946 1561 est
959 1503 1137 1562 contritione

176 1623 289 1660 summa
312 1607 460 1679 correpto;
492 1607 528 1660 ut
551 1606 664 1660 constat
685 1621 723 1660 ex
745 1600 864 1660 Psalmo
888 1601 1082 1661 “Miserere''
1107 1609 1136 1661 et
1203 1577 1204 1668 i

152 1701 242 1758 'aliis
264 1702 387 1759 Psalmis
413 1699 678 1777 poenitentialibus.
729 1701 798 1758 Alia
825 1699 961 1777 exempla
986 1701 1080 1760 habes
1104 1701 1134 1762 in

104 1775 117 1796 '
177 1801 273 1857 eodem
284 1802 389 1869 David,
399 1802 468 1860 ibid.
479 1800 561 1859 xxiv.
575 1804 627 1870 103
647 1800 679 1857 in
690 1800 833 1868 Manasse,
850 1805 867 1858 2
880 1799 1009 1877 Paralip.
1021 1801 1132 1860 xxxiii.

180 1904 298 1970 12,13;
326 1901 358 1958 in
379 1903 406 1959 S.
422 1903 518 1970 Petro,
544 1901 631 1958 Matt.
662 1901 747 1958 xxvi.
764 1901 821 1971 75;
852 1899 885 1958 in
905 1900 1020 1960 latrone
1046 1902 1130 1970 bona,

176 1998 246 2056 Luc.
262 2001 349 2058 xxiii.
366 2006 484 2074 40-43;
508 2002 558 2059 &c

216 2101 263 2157 42.
289 2101 501 2157 Anouunnruu
522 2099 568 2157 II.
593 2119 632 2156 ex
658 2098 738 2170 locis,
773 2099 804 2156 in
832 2100 940 2174 quibus
967 2099 1129 2160 incitantur

174 2203 336 2272 peccatores
357 2201 393 2257 ad
413 2199 621 2276 poenitenciam
636 2200 671 2257 de
689 2198 814 2275 peccatis
828 2199 897 2270 suis,
918 2203 954 2258 ut
967 2216 1020 2276 per
1034 2219 1127 2260 eama

180 2297 237 2352 Deo
263 2298 407 2374 accipiant
434 2299 556 2357 istorum
583 2301 767 2375 peecatorum
787 2298 1005 2358 remissionem:
1035 2306 1069 2359 ut
1096 2301 1124 2358 in
1202 2341 1203 2372 p

175 2395 275 2454 Enoch.
292 2398 375 2456 xviii.
395 2402 432 2456 30
445 2404 515 2457 :-“
525 2397 746 2471 convertimini,
770 2402 801 2457 et
817 2398 1123 2475 agite'poenitentiem

178 2495 213 2552 ab
234 2497 367 2566 omnibus
387 2497 594 2573 iniquitatibus
616 2497 738 2568 vestrim
770 2503 800 2556 et
821 2517 879 2556 non
906 2498 963 2557 erit
986 2499 1069 2558 vobis
1094 2499 1123 2558 in

174 2593 288 2654 ruinam
314 2597 484 2673 iniquitas.’'
533 2598 610 2655 ltem
634 2597 666 2654 in
692 2596 758 2657 lsai.
785 2597 803 2655 i.
831 2601 945 2670 16-l8;
976 2599 1040 2658 xlv.
1068 2603 1121 2669 223

173 2694 276 2753 Jerem.
292 2695 334 2755 iii.
352 2701 465 2768 12-14;
491 2699 552 2768 (sc,
567 2700 616 2756 &u

215 2800 283 2857 *til
306 2803 519 2873 Argumentum
534 2818 551 2856 a
564 2799 739 2874 quibusdam
752 2817 789 2857 ex
802 2799 866 2856 Act
881 2818 912 2856 x.
930 2803 956 2870 1,
973 2801 1027 2860 &c
1042 2799 1122 2858 educ
1201 2837 1202 2886 p

175 2907 237 2959 tum
262 2919 361 2957 censeo
389 2918 506 2973 prorsus
532 2898 678 2956 infirmum
706 2917 776 2957 esse.
818 2897 915 2956 Multa
941 2898 1021 2957 enim
1042 2899 1123 2958 valde

175 2999 297 3056 suadent
321 2998 411 3054 istum
425 2996 592 3056 Cornelium
612 2998 811 3056 centurionem
831 3017 889 3055 non
912 2996 1007 3056 solum
1027 3017 1121 3075 pecca·
1201 2977 1202 3037 i

173 3103 264 3155 torem
279 3115 337 3152 non
351 3095 439 3152 fuisse
454 3096 605 3153 sedetiam
621 3097 727 3156 eximie
742 3095 910 3172 religiosum
923 3095 1025 3156 fuisse.
1061 3097 1122 3156 Hoc

174 3195 375 3255 exsulavere.
398 3197 415 3250 2
438 3194 486 3268 (ut
507 3193 564 3251 alia
582 3215 641 3253 non
664 3196 740 3255 levia
758 3195 991 3273 pretermittam)
1015 3195 1122 3255 clarum

176 3316 236 3355 esse
250 3296 367 3353 videtur
378 3299 448 3353 :-“
461 3294 611 3352 Cornelius
627 3341 634 3355 .
652 3339 658 3353 .
674 3340 680 3354 .
696 3295 857 3372 religiosus,
869 3315 901 3353 ac
916 3295 1022 3353 timens
1030 3295 1120 3354 Deum
1200 3281 1201 3314 ³

174 3417 239 3456 cum
254 3395 332 3454 omni
346 3397 428 3453 domo
448 3414 509 3466 sua,
530 3394 638 3453 faciens
657 3395 854 3472 eleemosynas
871 3394 978 3453 multas
990 3394 1079 3470 plebi,
1094 3400 1121 3454 et

173 3498 328 3572 deprecans
355 3496 449 3553 Deum
477 3496 620 3570 semper.'’
668 3495 797 3554 Vocatur
823 3495 863 3566 1⁰,
891 3493 937 3552 vir
962 3493 1118 3570 religiosus,

174 3599 303 3670 ευσεβης,
319 3595 502 3670 simpliciter:
526 3595 610 3653 credo
622 3597 719 3652 autem
730 3613 873 3670 nusquam
888 3595 918 3652 in
930 3595 960 3654 S.
972 3593 1120 3672 Scriptura

172 3701 223 3756 aut
236 3699 288 3755 boc
305 3695 476 3755 vocabulum
492 3698 543 3755 aut
557 3713 660 3754 nomen
677 3695 810 3765 ευσεβεια
831 3695 910 3771 (cum
924 3711 1018 3752 sermo
1032 3695 1119 3756 estole
