2408 4304
73 436 174 486 mar.
190 415 265 506 κη]
469 417 674 488 DeMcrz'to.
978 441 1042 503 4²5

77 585 202 646 Christi
215 605 268 664 per
280 587 409 646 nestram
422 585 583 648 doctrinam
596 587 731 665 derogata
745 591 775 650 ct
788 588 941 650 diminuta
968 589 1041 648 Haec
1123 655 1125 662 ,

75 687 222 765 objectis,
238 707 326 766 quam
336 688 474 766 usquead
483 689 562 748 hunc
576 689 652 748 diem
667 689 862 752 tantifaciunt
872 690 1040 763 adversarii,

74 809 189 850 revera
209 809 268 852 nen
289 789 383 852 selum
405 789 553 850 levissima
576 794 620 850 est
644 791 694 851 sed
716 793 900 870 perabsurda.
942 793 987 853 De
1006 811 1040 852 ee

77 889 161 950 dicit
174 889 386 951 Bnunrnurn'us
408 889 442 968 (l.
459 895 486 965 5,
503 909 527 950 c.
544 895 571 962 5,
592 890 707 970 Octauo)
723 896 831 972 etpost
844 913 911 954 eum
926 892 1049 959 Surena

79 991 126 1070 (c.
145 996 172 1064 1,
187 1011 218 1054 n.
237 993 286 1072 16)
304 998 376 1052 :-“
386 993 451 1054 Hoc
465 997 679 1070 argumentum,
695 998 804 1071 quanto
818 997 855 1056 ab
868 994 1051 1061 adversariis,

77 1092 179 1170 magis
197 1093 338 1154 rhetorice
357 1095 405 1155 vel
428 1093 532 1172 potius
548 1093 658 1171 tragice
681 1095 886 1172 amplificatur,
911 1098 1038 1168 tentum,

78 1211 154 1252 cunr
174 1192 340 1269 discutitur,
359 1193 477 1254 inanius
490 1193 673 1256 invenitur.'’
715 1197 820 1274 Capita
833 1199 930 1257 eutem
943 1196 1038 1274 objec-

78 1292 176 1354 tionis
188 1293 251 1356 heac
263 1299 341 1355 sunt.
380 1296 418 1356 10.
439 1294 546 1355 Merite
557 1295 666 1356 Christi
677 1299 746 1356 sunt
754 1317 806 1374 per
816 1316 846 1358 se
854 1295 1037 1370 sufficientia,

79 1395 195 1472 absque
214 1394 277 1456 ulle
297 1413 383 1474 opere
402 1398 520 1456 nestro:
543 1395 673 1456 doctrine
687 1395 836 1457 Oathelica
855 1396 927 1456 fecit
945 1415 979 1456 ea
991 1395 1038 1454 in·

79 1494 269 1569 sufficientia,
295 1495 392 1556 etsie
416 1515 516 1556 cerum
540 1495 715 1572 dignitatem
730 1489 887 1574 'deprimit
938 1496 983 1556 20.
1005 1495 1038 1556 Si

81 1613 173 1673 opera
196 1598 294 1656 nostra
316 1594 376 1656 sint
398 1594 548 1656 meritoria
569 1599 686 1674 propter
707 1596 810 1658 merita
825 1594 943 1670 Christi,
970 1614 1038 1672 ergo

82 1698 157 1754 sunt
167 1712 253 1774 oeque
266 1695 413 1755 meritoria
426 1715 459 1755 ac
473 1713 559 1772 opera
572 1695 682 1756 Christi
702 1695 947 1772 (Sarnmsernnnr
959 1695 1043 1773 apud,

82 1795 209 1868 Grnsorr,
222 1795 287 1858 xiii.
300 1796 382 1874 247).
418 1796 461 1857 3⁰.
480 1795 621 1857 Doctrini
630 1795 779 1882 Catholici
789 1795 933 1858 diriditur
945 1795 1038 1873 gloria

82 1896 163 1956 inter
182 1897 279 1956 Deum
302 1900 333 1958 et
356 1895 520 1972 hominem3
542 1900 572 1958 et
584 1898 628 1968 40,
644 1896 760 1959 fovetur
782 1896 917 1976 superbia
937 1898 1038 1956 nestra

82 2001 115 2058 et
128 1997 299 2074 arrogantia.

125 2097 174 2162 87.
197 2098 279 2174 Rcsp.
309 2097 382 2158 Haec
404 2097 502 2158 emnia
529 2099 565 2158 ab
592 2097 692 2158 eodem
719 2097 1038 2176 Bnnusnn1no(quem

85 2195 221 2274 sequitur
241 2197 364 2270 Suam,
387 2197 473 2276 ibid.)
494 2199 565 2258 adeo
579 2199 656 2259 clare
680 2202 710 2258 et
731 2199 840 2259 invicte
861 2202 891 2258 et
903 2197 1038 2258 funditus

85 2296 208 2374 disjecta
228 2300 305 2368 sunt,
328 2301 364 2359 ut
375 2297 453 2356 nihil
472 2297 540 2356 addi
560 2317 675 2358 necesse
695 2298 741 2372 sit,
765 2305 794 2358 ct
807 2300 866 2358 fere
879 2297 957 2357 nihil
970 2297 1037 2356 addi

84 2396 185 2475 possit.
227 2397 275 2456 Ad
283 2399 418 2473 primum.
464 2398 503 2456 1⁰.
525 2397 632 2458 Merite
643 2399 753 2458 Christi
763 2418 814 2476 per
827 2418 857 2458 se
870 2418 930 2456 nen
944 2399 1036 2459 selum

86 2496 259 2558 sufficientia
278 2502 356 2572 sunt,
379 2499 430 2560 sed
443 2499 513 2558 adeo
531 2497 705 2559 sufficientia
717 2503 752 2556 ut
765 2517 816 2574 per
829 2517 863 2558 ee
876 2503 907 2556 et
919 2501 1038 2575 propter

87 2618 122 2658 ea
142 2597 248 2657 salvari
271 2609 389 2676 possent
412 2617 511 2657 omnes
537 2597 654 2656 omnine
680 2597 812 2656 homines
841 2597 948 2674 absque
975 2596 1037 2656 ullo

89 2717 186 2758 eorum
197 2718 282 2778 opere
295 2698 442 2759 meritorie
453 2699 501 2758 vel
514 2699 602 2759 etiam
613 2698 786 2775 simplicitur
795 2699 879 2770 bono,
895 2698 1037 2774 quemodo

88 2799 237 2858 salvantur
255 2799 383 2859 infantes
403 2800 551 2878 baptizati,
572 2799 596 2858 si
620 2799 662 2858 ita
681 2799 763 2858 Deus
781 2797 929 2859 voluisset.
950 2798 1037 2857 ·N0n

89 2921 126 2959 ex
139 2899 342 2959 insufficientia
355 2901 524 2959 meritorum
533 2897 642 2961 christi
652 2897 745 2958 oritur
754 2897 908 2958 necessitas
917 2917 1037 2975 operum

88 3003 257 3073 nostrorum,
282 3000 333 3058 sed
345 3000 416 3078 quia
439 3003 519 3059 Deus
539 3000 604 3075 lege
623 2998 749 3076 positiva
768 2998 872 3058 statuit
891 3003 926 3058 ut
945 2999 1037 3057 vitam

89 3106 225 3162 aeternam
244 3119 303 3160 non
324 3119 543 3177 assequeremur
561 3098 620 3158 nisi
634 3099 808 3176 quibusdam
828 3097 941 3170 mediis,
959 3097 1037 3158 inter

88 3219 152 3278 quae
166 3203 234 3260 sunt
247 3220 333 3278 opera
350 3199 505 3272 meritoria,
527 3199 611 3258 nobis
626 3198 799 3259 istamerita
813 3198 1036 3276 applicarentur.

87 3300 191 3360 Eodem
212 3300 296 3358 modo
315 3299 465 3359 inordina
485 3298 615 3358 naturali
635 3299 729 3357 utitur
748 3297 851 3358 mediis
865 3297 901 3356 ad
915 3296 1036 3356 effectus

88 3404 254 3478 efficiendos,
269 3424 298 3466 v.
313 3424 342 3481 g.
358 3404 417 3464 sole
432 3404 468 3463 ad
483 3404 628 3462 mundum
647 3402 883 3474 illuminandum,
906 3401 961 3461 etsi
975 3401 1036 3460 sine

88 3506 144 3564 illis
162 3505 264 3566 mediis
284 3505 391 3566 directe
410 3507 461 3564 aut
474 3523 526 3583 per
546 3504 604 3565 alia
623 3503 718 3564 media
743 3503 810 3562 illos
830 3502 949 3563 effectus
968 3521 1035 3580 pro-

88 3605 187 3665 ducere
199 3610 304 3683 posset.

128 3709 170 3768 88.
203 3706 243 3772 2⁰.
276 3705 411 3766 “Merita
441 3706 588 3790 justorum
613 3724 673 3765 nen
706 3706 895 3788 opponuntur
920 3699 1034 3764 meritis
