2402 4292
74 450 165 498 mss.
180 428 241 516 rx]
310 426 366 494 De
378 425 517 494 Natura
530 427 564 492 et
583 425 627 496 Vi
641 421 735 491 Grai.
750 421 865 489 Habet.
966 441 1029 506 339

77 598 147 660 fons
166 595 327 658 malorum:
349 593 490 655 extinctio
511 591 624 671 peccati
646 595 690 653 est
711 591 840 670 primum
866 590 984 662 bonum,
1000 589 1030 650 et

77 697 212 760 omnium
234 697 299 758 fons
318 695 467 754 bonorum.
508 693 617 754 Mirum
638 712 705 770 ergo
726 711 785 752 non
805 694 904 752 estut
924 691 959 752 de
973 691 1028 750 hac

77 799 261 862 extinctione
280 797 349 868 sula,
370 815 437 856 cum
461 814 553 856 sermo
579 795 616 856 fit
644 796 680 854 de
708 793 890 872 reparatione
918 793 1033 871 generis

78 899 212 970 humani,
230 897 296 958 aliis
312 895 476 974 suppositis,
502 895 572 955 adso
594 895 760 974 frequenter
781 897 812 954 et
833 893 1031 971 significanter

77 1001 191 1060 mentio
207 997 261 1058 sit.
300 995 369 1057 Vid.
391 1015 456 1074 qua
476 994 553 1054 infra
574 993 722 1068 dicuntur,
744 993 835 1066 d.10,
857 1013 887 1056 n.
911 999 959 1064 56,
980 996 1031 1054 irc.

79 1101 120 1161 dc
152 1097 242 1159 simili
271 1095 417 1158 mentione
444 1095 513 1157 fidei
540 1097 576 1156 ut
603 1094 799 1174 dispositionis
827 1095 864 1156 ad
888 1093 1034 1175 justifica·

79 1201 204 1263 tionem.
296 1217 301 1224 ·

124 1305 173 1361 96.
200 1297 299 1376 olisai.
314 1301 342 1360 3.
362 1297 471 1358 Eodem
485 1297 568 1358 modo
582 1297 676 1376 gratia
691 1296 856 1376 justificans
870 1295 958 1358 afficit
971 1296 1035 1357 ani·

82 1419 230 1479 mamque
249 1397 339 1460 vestis
359 1397 447 1458 afficit
468 1417 580 1476 corpus.
622 1395 718 1476 Atqui
727 1395 818 1457 vestis
830 1397 919 1458 afficit
928 1415 1032 1474 corpus

83 1495 902 1583 nonintrinseoeetiuhcerentersedprorsusextrinsscs.
943 1497 1040 1575 Major

83 1601 226 1681 probatur
244 1618 283 1660 ex
301 1597 391 1658 variis
412 1597 484 1657 locis
508 1597 676 1676 Scriptura,
691 1597 725 1658 in
748 1597 854 1676 quibus
865 1596 924 1658 istc
936 1595 1039 1657 simili·

84 1703 159 1764 tudo
173 1700 321 1778 analogica
341 1700 418 1760 clare
441 1699 631 1776 significatur.
676 1701 875 1762 “Sacerdotes
889 1700 935 1760 tui
954 1699 1041 1760 indu·

85 1807 176 1864 autur
184 1801 331 1881 justitiam
342 1799 372 1862 :”
388 1799 494 1860 Psalm.
506 1800 607 1863 cxxxi.
618 1806 653 1860 9:
677 1805 697 1837 “
708 1801 872 1861 Induimini
882 1801 1040 1862 Dominum

84 1907 190 1967 Jesum
203 1903 352 1966 Christum
364 1901 394 1963 :”
416 1903 498 1963 ltom.
512 1901 580 1964 xiii.
597 1905 651 1978 143
674 1906 725 1964 do.
757 1924 760 1932 ’
859 1909 861 1912 ’

130 2007 176 2068 97.
200 2005 283 2080 Rsrp.
302 2003 344 2063 1⁰.
364 2001 522 2080 Distinguc
544 1999 702 2082 majorem:
725 2004 844 2078 Eodem,
868 2023 919 2066 seu
945 2004 1044 2084 potius

86 2104 191 2178 simili,
210 2104 305 2175 modo,
316 2101 349 2162 in
361 2102 399 2162 iis
412 2102 556 2180 capitibus
568 2102 601 2163 in
614 2104 724 2182 quibus
733 2105 899 2166 intenditur
918 2109 948 2167 et
960 2106 1045 2185 poni·

86 2210 141 2267 tur
163 2203 341 2264 similitudo:
364 2202 514 2265 (lonoedor
537 2203 576 2264 In
596 2203 663 2264 aliis
683 2208 735 2265 aut
755 2205 789 2265 in
811 2206 946 2266 omnibus
967 2206 1045 2284 oapi·

89 2305 197 2367 tibus:
218 2305 310 2380 Nego,
337 2303 498 2363 secundum
518 2305 651 2380 regulam
671 2303 900 2369 similitudinum
912 2308 942 2366 ct
955 2310 1045 2367 mete·

87 2408 249 2486 phorarum
271 2403 462 2478 notissimam,
487 2408 518 2465 et
541 2405 628 2466 toties
641 2426 658 2466 a
670 2406 763 2477 nobis,
784 2407 881 2467 forsan
901 2411 1047 2486 usquead

87 2525 237 2580 nauseam,
258 2509 431 2566 enarratam.
473 2505 516 2564 2⁰.
538 2505 697 2582 Distinguo
710 2506 869 2570 minorem:
892 2508 991 2568 Vestis
1001 2515 1046 2571 est

88 2606 203 2684 corpori
221 2607 298 2684 quod
321 2604 397 2682 tegit
417 2595 624 2675 extrinsecum,
646 2605 668 2665 i.
680 2623 707 2664 e.
731 2609 854 2667 nonest
880 2626 947 2686 pars
966 2608 1049 2670 illius

88 2705 226 2784 corporis,
237 2725 290 2766 nec
304 2705 332 2766 ci
344 2705 537 2766 essentialiter
549 2705 705 2782 conjuncte
718 2705 770 2765 sed
784 2709 903 2768 tantum
917 2707 1047 2768 acciden-

89 2806 201 2880 taliter,
216 2807 260 2867 ita
272 2808 307 2866 ut
316 2807 442 2866 vestitus
456 2824 519 2864 sam
530 2805 645 2882 quando
656 2804 730 2865 velit
744 2805 800 2865 sibi
814 2825 921 2868 exuere
935 2810 1045 2884 potest:

91 2909 243 2970 Concedo:
278 2908 390 2985 Corpus
411 2925 468 2965 non
491 2905 580 2966 afficit
610 2907 789 2966 inhoereuter
812 2911 842 2967 et
867 2907 1048 2978 intrinsece:

90 3011 194 3086 Nego:
218 3008 328 3085 (lorpus
338 3007 416 3066 enim
430 3007 564 3066 calefacit
577 3009 607 3067 et
621 3005 748 3068 calidum
769 3013 921 3069 conservat
941 3011 1050 3070 calores

90 3109 288 3190 persingulas
311 3108 377 3186 ejus
401 3107 561 3184 particulas
574 3108 755 3186 penitissime
768 3107 962 3173 immittendo.
1005 3113 1060 3192 3⁰„

92 3211 152 3271 Sed
175 3211 230 3268 hoo
250 3229 288 3268 sx
314 3227 373 3267 usu
402 3207 562 3284 Scripturas
584 3207 617 3266 in
642 3209 709 3267 luce
735 3208 892 3268 clarissimo
919 3209 1048 3288 ponitur.

95 3309 275 3368 “Dominus
294 3306 437 3382 regnavit,
467 3307 596 3365 decorem
623 3307 744 3366 indutus
767 3313 832 3368 est:
862 3309 982 3368 indutus
1005 3315 1050 3371 est

91 3410 235 3471 Dominus
260 3405 462 3466 fortitudinem
479 3405 506 3465 :''
528 3406 634 3468 Psalm.
661 3407 730 3466 xcii.
743 3411 776 3480 13
807 3407 942 3468 “Induit
961 3409 1049 3470 male·

93 3513 249 3571 dictionem
272 3509 346 3569 sicut
368 3507 596 3568 vestimentum:
627 3513 658 3568 et
678 3507 800 3568 intravit
820 3508 897 3570 sicut
916 3530 992 3588 aqua
1017 3511 1050 3572 in

92 3612 237 3673 interiora
252 3610 325 3688 ejus,
352 3613 382 3670 et
404 3609 480 3668 sicut
497 3607 594 3668 oleum
620 3607 652 3668 in
670 3609 783 3669 ossibus
803 3610 876 3688 ejus.
907 3611 995 3680 liat
1022 3611 1051 3671 ei

93 3712 171 3774 sicut
194 3709 402 3772 vestimentum
423 3729 481 3789 quo
502 3707 628 3787 operitur
638 3709 668 3778 :'',
692 3708 800 3769 Psalm.
826 3709 904 3773 cviii.
931 3712 976 3784 18,
1002 3715 1048 3774 19.
