2410 4314
50 415 209 498 DISP.11.]
257 413 312 476 De
327 413 478 478 Stalz‘bus
492 416 663 482 Humana
678 417 832 483 Naturae.
969 442 1008 502 45

49 581 99 640 ale
113 581 203 640 etiem
217 579 249 640 in
262 579 443 639 naturalibus
454 582 608 654 vulnerari,
620 587 736 644 tantum
750 584 931 660 significatur
945 606 1012 646 eum

48 681 202 741 vulnerari
227 699 279 758 per
305 679 487 740 amissionem
514 683 640 760 justitiae
664 685 822 761 originalis,
851 705 909 760 qua
936 687 1012 745 vires

48 783 202 844 naturales
220 782 339 842 elevata
354 785 423 842 sunt
436 786 466 842 et
478 782 569 843 firmes
589 785 672 844 factes
687 791 756 844 sunt
769 787 810 844 'ad
823 787 1008 862 operandum,

49 902 112 960 qua
136 881 251 941 sublata
272 880 395 941 infirmae
411 885 566 942 evaserunt
584 888 614 942 et
637 883 819 960 impotentes.
862 885 1012 944 “lustitia

48 981 203 1058 originalis
221 999 321 1058 paoem
340 983 370 1040 et
387 981 525 1040 unionem
539 981 616 1042 inter
634 984 782 1061 appetitus
799 984 926 1043 hominis
945 1004 1010 1044 eon·

49 1081 204 1154 stituebat,
229 1099 294 1159 quea
321 1080 393 1140 unio
416 1101 468 1159 per
493 1089 646 1159 peceatum
673 1085 813 1144 dissoluta
839 1091 893 1157 est,
916 1085 1013 1144 ablata

46 1180 180 1258 justitia,
196 1184 227 1241 et
240 1180 283 1239 ita
295 1180 406 1239 fastum
421 1184 465 1240 est
477 1182 587 1240 vulnus
600 1183 632 1240 in
646 1189 759 1242 natura.
782 1228 789 1242 .
823 1230 830 1244 .
861 1227 868 1244 .
902 1228 909 1243 .
941 1183 1012 1242 Fuit

49 1284 144 1343 loesua
170 1282 256 1340 homo
282 1281 313 1340 in
340 1283 531 1354 naturalibus,
555 1303 613 1342 non
642 1284 711 1360 quie
739 1285 846 1344 donum
874 1285 1011 1342 amissum

49 1384 152 1442 fueret
172 1381 313 1452 naturale,
330 1382 379 1440 sed
400 1382 472 1458 quia
494 1383 657 1442 naturalem
681 1384 828 1442 defectum
851 1384 1009 1454 auferebat,

50 1503 107 1542 seu
128 1481 175 1540 illi
196 1481 419 1540 subveniebat.''
461 1482 550 1540 Sena.
570 1482 642 1540 ibid.
657 1502 687 1543 n.
706 1488 758 1553 193
778 1483 921 1557 Vusuuuz,
941 1487 965 1542 1.
984 1487 1012 1541 2.

50 1583 82 1641 d.
101 1585 167 1652 138,
184 1599 208 1640 e.
225 1584 258 1650 25
282 1579 432 1652 Psanons,
449 1579 485 1639 de
500 1582 562 1639 Deo
577 1581 671 1640 Creat.
686 1601 715 1640 n.
733 1584 835 1644 367-8.

94 1682 167 1738 ⁴⁵38.
199 1680 255 1738 IV.
283 1679 322 1737 In
335 1683 441 1738 natura
453 1699 527 1756 pura
540 1698 597 1740 non
612 1683 709 1740 essent
722 1680 899 1740 tentationes
913 1684 1013 1740 eontra

50 1782 144 1840 finem
158 1780 409 1858 supernaturalem
422 1784 474 1842 aut
493 1784 637 1859 praeeepta
657 1782 896 1860 supernaturalia,
912 1786 1013 1860 utpote

52 1902 122 1960 quse
134 1882 168 1940 in
183 1903 215 1940 eo
230 1885 309 1940 stetu
322 1901 380 1940 non
395 1882 563 1942 existerent.

98 1987 147 2039 89.
179 1982 215 2039 V.
252 1983 296 2040 De
323 1981 454 2057 potentia
480 1981 605 2040 hominis
632 1983 663 2040 in
691 1984 770 2042 statu
795 1986 907 2041 naturae
934 1999 1015 2059 pura

54 2082 216 2158 superandi
247 2101 349 2158 graves
382 2083 566 2157 tentationes,
597 2103 656 2142 non
682 2087 799 2142 tautum
826 2083 955 2158 singulae
986 2089 1016 2144 et

54 2181 178 2240 divisim
212 2181 262 2240 sed
295 2200 403 2253 omnes,
441 2182 551 2259 duplex
582 2189 627 2241 est
659 2182 827 2260 principalis
861 2183 1014 2242 sententia.

53 2282 165 2352 Prima,
190 2300 278 2358 quam
296 2281 444 2357 accipiunt
469 2282 627 2354 Senum,
650 2283 679 2342 d.
701 2288 729 2356 2,
745 2302 774 2341 n.
799 2287 866 2356 262,
894 2283 1016 2342 affirmat

52 2381 206 2440 hominem
226 2375 311 2438 illum
333 2400 414 2457 posse
435 2401 532 2441 omues
552 2401 653 2457 graves
673 2381 850 2442 tentationes
872 2381 1016 2459 (potentia

54 2483 162 2559 utique
186 2485 238 2540 aut
259 2487 368 2542 remota
392 2487 443 2542 aut
465 2483 612 2560 proxima)
633 2502 768 2560 superare
793 2482 878 2540 meris
901 2481 1016 2540 viribus

56 2589 181 2642 naturae.
222 2583 328 2642 Essent
342 2583 420 2643 enirn
440 2584 472 2642 in
492 2583 543 2642 illo
565 2588 644 2642 statu
665 2603 767 2658 graves
787 2582 969 2654 tentationes,
986 2585 1016 2640 et
1060 2657 1067 2670 ι

57 2685 106 2742 his
120 2683 360 2742 tenereturhomo
369 2683 510 2755 resistere,
529 2687 548 2716 “
560 2702 620 2755 seu,
634 2682 795 2759 quodidem
804 2685 857 2753 est,
868 2683 1015 2740 teneretur

58 2803 175 2843 servaro
198 2787 343 2860 praeapte
364 2784 519 2856 naturalia,
538 2782 728 2860 quantumvis
747 2783 784 2840 ad
806 2801 904 2840 eorum
923 2784 1015 2839 trans·

58 2884 236 2960 gressiouem
248 2885 469 2944 vehementibus
481 2883 693 2944 tentationibus
701 2882 886 2959 urgeretur.'’
923 2883 1016 2941 Nemo

59 2989 159 3045 eutem
178 2987 295 3044 tenetur
315 2985 352 3044 ad
371 2984 567 3062 impossibile:
591 3004 658 3061 ergo
676 2983 846 3044 facultatem
865 2983 954 3043 habet
972 3001 1016 3041 re-

60 3084 201 3145 sistendi:
224 3085 298 3143 hana
312 3102 351 3143 ex
364 3083 458 3160 gratie
478 3103 536 3142 nou
555 3085 652 3157 habet,
668 3085 701 3142 iu
714 3087 793 3142 statu
807 3083 884 3141 enim
905 3083 1016 3140 netrrrae

58 3203 144 3262 pura
171 3183 254 3254 nulla
279 3187 355 3244 esset
383 3183 492 3260 gratia3
529 3203 605 3259 ergo,
635 3182 714 3241 aliud
743 3183 820 3241 enim
846 3200 904 3239 nou
931 3180 1018 3238 datur

59 3285 199 3356 medium,
215 3302 253 3342 ex
267 3282 379 3343 viribus
392 3286 504 3342 natura
517 3283 614 3342 habet.

103 3389 152 3444 90.
173 3385 275 3444 Altera
288 3383 440 3455 sententia,
456 3403 545 3461 quam
565 3386 646 3444 tenet
666 3382 789 3455 Suessa,
805 3382 825 3440 1.
843 3385 869 3452 1,
884 3398 910 3440 e.
924 3383 972 3451 28,
988 3398 1016 3437 n.

62 3494 91 3560 4,
103 3486 227 3545 affirmat
242 3491 261 3520 “
270 3484 417 3545 hominem
430 3484 462 3544 in
476 3485 527 3544 illo
542 3494 630 3557 statu,
642 3484 776 3562 persalse
785 3481 861 3541 vires
870 3479 1018 3539 naturales

60 3584 184 3645 rationis
198 3588 227 3644 et
239 3584 395 3657 libertatis,
412 3584 522 3645 saeluso
536 3583 615 3643 omni
634 3581 775 3660 peculiari
796 3579 938 3658 adjutorio
951 3577 1016 3649 Dei,

63 3705 123 3744 non
141 3686 268 3762 potuisse
289 3685 342 3744 diu
360 3703 474 3746 servare
496 3687 588 3744 totam
611 3681 773 3742 naturalem
794 3681 887 3757 legem
910 3679 1017 3754 absque
