2410 4318
36 449 154 495 msc.
174 418 275 517 v111.]
324 421 501 494 Concordia
518 420 644 494 Grctz'o
657 419 891 493 eth'dertotc's.
970 446 1029 516 253

40 597 211 656 voluntas
231 616 290 656 non
310 599 405 674 potest
418 575 557 673 impedire
576 615 629 655 nec
649 615 743 655 arcere
763 614 823 655 ase
836 593 1032 672 praedetermi-

43 698 222 758 nationem
236 698 397 776 physicam,
409 697 468 774 qut
480 697 523 758 ita
536 697 674 773 alligatur
684 697 721 756 ad
733 717 826 756 unum
839 700 936 757 actum
951 697 1033 775 prius

45 803 177 857 natura
202 818 292 875 quam
316 801 394 874 egat,
410 801 446 856 ut
460 797 495 856 ei
512 797 605 874 positi
626 801 769 874 repugnet
780 815 839 856 non
859 797 925 857 ficri
937 803 1034 858 actum

51 899 100 957 ad
113 917 209 976 quem
223 898 320 958 datur.

106 1003 163 1058 49.
187 996 330 1074 “Neque
357 1015 494 1074 opponas,
519 1015 586 1056 eum
613 995 665 1073 qui
688 1000 766 1056 amat
788 1015 847 1056 non
869 1015 952 1073 posse
975 1015 1034 1055 non

56 1117 171 1157 amare
194 1097 228 1156 in
255 1116 342 1155 sensu
372 1095 536 1172 composito,
561 1095 610 1155 sed
637 1100 752 1154 tantum
774 1095 806 1154 in
828 1115 915 1154 sensu
941 1095 1033 1154 diviso

59 1197 191 1270 amoris,
208 1201 350 1256 ettamen
371 1196 462 1255 libere
484 1214 595 1267 amare,
620 1195 692 1254 item
712 1215 780 1254 eum
801 1195 853 1272 qui
874 1195 954 1256 sedet
974 1215 1034 1254 non

60 1317 159 1375 posse
173 1301 251 1356 stare
263 1296 296 1354 in
310 1315 392 1355 sensu
409 1295 564 1372 composito
579 1295 720 1368 sessionis,
734 1295 889 1353 sed-solum
902 1295 935 1353 in
949 1314 1034 1354 sensu

65 1396 182 1468 diviso,
199 1401 341 1456 ettamen
363 1395 453 1454 libere
476 1395 575 1454 sedere
597 1395 729 1454 etlibere
750 1415 809 1453 non
831 1401 915 1454 stare.
956 1395 1033 1454 Nam

66 1496 250 1572 impotentia
264 1515 322 1554 non
335 1495 452 1554 amandi
462 1494 493 1552 in
504 1513 589 1553 sensu
602 1495 758 1570 composito
769 1494 872 1553 amoris
887 1499 931 1553 est
943 1494 1034 1571 impo-

69 1595 173 1655 tentia
192 1601 307 1654 tantum
326 1614 502 1673 consequens
516 1613 602 1654 usum
616 1593 777 1653 libertatis:
800 1593 894 1653 oritur
907 1593 984 1654 enim
998 1613 1036 1654 ex

71 1697 172 1755 libera
185 1695 425 1756 determinatione
438 1694 598 1754 voluntatis
612 1695 649 1752 ad
662 1713 787 1752 amorem
806 1692 852 1773 [ct
865 1714 932 1770 ergo
946 1695 1036 1754 libere

72 1796 174 1876 posita
188 1801 242 1872 est,
256 1801 285 1856 et
299 1795 364 1872 ipsa
376 1791 491 1874 libera]¹
526 1795 604 1854 Item
616 1796 668 1872 qui
682 1788 771 1867 sedet,
787 1794 855 1854 licet
868 1813 926 1854 non
939 1799 1038 1872 posset

76 1905 157 1959 stare
179 1899 212 1957 in
233 1917 320 1958 sensu
334 1897 491 1974 composito
512 1896 654 1972 sessionis,
669 1896 759 1956 libere
782 1900 880 1956 tamen
904 1897 993 1969 sedet,
1008 1901 1037 1956 ct

77 2002 171 2060 libere
184 2019 242 2059 non
256 2003 331 2060 stat:
355 1998 424 2076 quia
437 1998 609 2076 impotentia
628 1998 723 2059 standi
736 2001 768 2058 in
781 1996 868 2058 senen
880 1999 1038 2078 composito

80 2101 215 2162 sessionis
229 2104 274 2161 est
286 2104 402 2160 tantum
416 2119 592 2177 consequens
612 2100 786 2160 exercitium
799 2100 951 2174 libertatis,
967 2100 1038 2179 quia

80 2204 168 2262 homo
182 2201 277 2262 voluit
290 2200 405 2273 sedere;
421 2204 453 2260 ct
465 2219 566 2260 sensus
579 2201 690 2260 divisus
703 2205 748 2261 est
760 2202 792 2260 in
805 2201 870 2278 ejus
883 2207 1035 2280 potestate,

83 2322 153 2361 nam
162 2303 256 2378 potest
266 2299 367 2360 tollere
378 2299 541 2359 sessionem.
575 2301 619 2360 At
628 2299 845 2377 impossibilitas
855 2321 913 2360 non
923 2302 1039 2361 amandi

85 2402 119 2460 in
139 2420 222 2460 sensu
245 2398 402 2476 composito
423 2398 735 2475 praedeterminetionis
756 2401 793 2458 ad
813 2420 938 2460 amorem
959 2406 1038 2462 ante·

87 2500 163 2560 cedit
182 2519 296 2559 omnem
318 2518 406 2558 usum
426 2498 585 2558 libertatis:
611 2518 680 2557 nam
700 2499 836 2576 provenit
854 2520 892 2560 ex
912 2503 1039 2561 motione

88 2601 171 2659 illum
197 2599 391 2670 antecedente,
417 2602 447 2657 et
473 2596 597 2656 habente
624 2598 805 2674 prioritatem
831 2600 1040 2661 causabilitatis

89 2703 217 2777 respectu
231 2697 478 2758 determinationis
490 2697 667 2770 voluntatis3
690 2717 722 2756 ao
735 2698 855 2774 proinde
876 2703 920 2758 est
933 2701 1039 2776 impos·

91 2799 209 2858 sibititas
229 2797 409 2856 antecedens.
450 2796 671 2872 Impossibilitas
689 2802 787 2856 autem
805 2799 977 2859 antecedens
997 2805 1041 2860 est

92 2898 241 2959 necessitas
261 2897 440 2957 antecedens.
482 2896 559 2972 Ergo
579 2895 673 2974 posita
693 2898 991 2974 praedeterminatione
1005 2901 1041 2959 ad

94 3019 220 3069 amorem,
237 3001 281 3056 est
294 2995 449 3056 necessitas
469 2995 641 3055 antecedens
661 2999 696 3056 ut
710 2995 749 3057 sit
762 3017 858 3060 amor:
881 3019 949 3075 ergo
963 3019 1042 3058 amor

94 3119 149 3158 non
161 3102 203 3158 est
214 3096 320 3157 liber.''

133 3201 178 3256 50.
198 3196 409 3256 Difficultatem
429 3214 497 3254 vero
517 3213 701 3272 nequaquam
719 3196 830 3258 tollunt
848 3217 913 3275 quae
932 3200 1043 3276 profert

97 3300 174 3360 Bria.
188 3316 284 3374 supra,
306 3315 336 3354 n.
353 3301 400 3368 45,
417 3299 446 3354 et
460 3294 531 3355 alibi
548 3294 581 3353 in
601 3295 701 3356 eadem
721 3297 855 3370 sectione,
871 3300 1044 3375 respondens

99 3401 133 3459 ad
152 3397 302 3458 secundam
322 3396 514 3472 objectionem
534 3395 906 3458 Termonin-“Sensus
928 3418 1043 3478 compo·

100 3503 166 3561 situs
179 3499 256 3560 cadit
269 3504 298 3558 et
311 3499 345 3560 in
356 3499 450 3574 ipsam
472 3498 529 3556 Dei
542 3498 698 3558 motionem
718 3499 792 3558 etin
812 3500 905 3576 ipsam
917 3502 1044 3562 hominis

101 3602 242 3668 actionem,
263 3598 333 3676 quia
355 3601 424 3656 sunt
444 3597 532 3656 simul
552 3600 688 3674 tempore,
710 3617 770 3657 non
791 3599 907 3676 quidem
930 3621 1043 3681 compo-

101 3701 186 3762 nendo
212 3720 280 3762 oum
309 3697 436 3758 motione
463 3696 520 3758 Dei
546 3703 576 3758 et
602 3697 715 3759 actione
741 3698 867 3760 hominis
887 3703 1045 3777 potentiam
