2408 4304
73 422 265 509 urorum]
466 419 668 489 DeMerr'to.
977 443 1038 508 427

74 591 193 651 marita
205 593 304 652 nostra
314 591 388 650 dona
406 593 474 650 suut
484 589 614 652 christi:
634 593 671 665 et,
685 591 819 670 quamvis
827 593 860 652 in
867 611 950 670 opere
958 595 1041 666 bono,

75 692 167 771 quod
179 711 240 764 nos,
256 693 317 750 Deo
325 692 458 768 juvante,
473 679 596 750 iacimus
609 691 685 750 nihil
700 691 739 751 sit
752 695 884 753 nostrum
895 693 972 770 quod
985 711 1044 751 nou

75 793 123 852 sit
137 791 205 864 Dei,
231 811 325 870 neque
346 790 457 868 aliquid
479 790 518 850 sit
536 791 592 850 Dei
606 792 683 868 quod
702 811 760 852 non
783 793 822 852 sit
834 797 975 866 nostrum,
991 793 1042 852 sed

75 897 181 954 totum
196 892 284 952 faciat
297 894 375 952 Deus
389 895 418 952 et
432 895 526 952 totum
539 892 628 952 faciat
641 893 725 952 homo
740 915 747 967 3
776 898 876 954 tamen
889 895 973 967 ratio,
990 914 1043 954 our

75 995 115 1055 id
140 1013 213 1072 opus
235 993 274 1053 sit
301 992 422 1070 dignum
444 993 507 1053 vita
534 997 651 1067 aeterna,
679 995 741 1054 tota
761 996 871 1073 pendet
885 1014 903 1054 a
916 994 1041 1072 gratia.”

77 1099 236 1157 Bnuusnu.

124 1202 175 1257 92.
203 1197 251 1255 Ad
263 1204 401 1274 quartum.
445 1195 486 1254 10.
511 1195 652 1255 Doctrina
679 1195 780 1255 divina
803 1215 955 1274 nunquam
978 1196 1042 1274 ipse

77 1315 181 1357 creare
196 1315 246 1356 seu
260 1296 386 1356 excitare
400 1295 563 1372 superbiam
577 1298 681 1373 potest,
702 1295 757 1356 etsi
770 1296 902 1356 homines
915 1297 998 1374 provi
1012 1299 1043 1356 et

77 1398 214 1476 perversi
229 1417 262 1456 ea
275 1397 350 1457 male
362 1397 409 1456 uti
422 1395 541 1473 possint,
558 1399 589 1456 ot
602 1397 717 1469 exinde,
733 1396 810 1456 siout
825 1416 862 1456 ex
876 1396 942 1456 aliis
955 1397 1041 1456 rebus

77 1497 168 1557 bonis
195 1500 224 1557 et
251 1479 376 1574 optimis,
409 1497 558 1556 desumere
581 1495 756 1556 occasionem
779 1495 939 1574 pecccndi:
965 1496 1042 1572 quod

78 1597 259 1667 hominibus,
279 1617 337 1656 nou
359 1597 507 1668 doctrinae,
523 1596 596 1655 vitio
610 1597 786 1657 vertendum
800 1600 853 1656 est.
896 1596 939 1657 2⁰.
963 1597 1041 1656 Doc-

78 1697 161 1757 trina
176 1696 325 1757 Catholica
343 1696 390 1774 (ut
403 1696 448 1754 nil
462 1695 525 1772 jam
539 1695 668 1755 dicamus
682 1696 717 1755 dc
732 1695 862 1756 doctrina
875 1696 1040 1754 Protcstan-

79 1797 155 1874 tica)
178 1815 237 1855 non
250 1797 343 1858 scium
358 1799 425 1872 apta
438 1814 497 1854 non
511 1800 553 1854 est
567 1796 604 1854 ad
618 1795 782 1872 superbiam
797 1795 938 1868 ciendam,
960 1795 1010 1854 sed
1024 1815 1040 1854 e

82 1897 230 1956 contrario
251 1896 335 1956 valde
363 1895 465 1954 efficax
489 1898 533 1955 est
559 1895 590 1954 in
611 1895 778 1955 humilitate
800 1895 933 1955 fovenda.
976 1895 1040 1961 Quo

81 1995 177 2072 magis
195 1995 273 2055 enim
293 1994 399 2072 aliquis
418 1993 524 2071 'gratiis
537 2003 568 2055 et
581 1995 695 2055 meritis
708 1999 875 2067 exornatur,
898 2015 965 2054 cum
977 1995 1041 2055 haec

82 2096 182 2156 omnia
195 2115 212 2154 a
225 2096 286 2154 Deo
301 2105 378 2166 sunt,
395 2114 428 2154 eo
443 2094 537 2170 magis
550 2095 652 2155 timere
667 2095 753 2156 debet
766 2095 910 2155 offendere
927 2095 1038 2170 Deum;

85 2201 147 2256 tum
161 2195 230 2272 quia
243 2194 298 2254 sibi
312 2195 381 2254 adeo
394 2195 488 2252 bonus
509 2197 538 2254 et
556 2195 702 2255 beneficus
724 2195 792 2269 fuit,
816 2200 875 2255 tum
898 2214 934 2254 ne
948 2214 966 2254 a
979 2197 1041 2254 Deo

85 2297 243 2367 deseratur,
266 2294 344 2354 etin
366 2299 483 2370 peccata
506 2294 651 2370 prioribus
671 2295 771 2372 pejora
793 2299 868 2356 ruat.
911 2293 979 2354 Hae
997 2298 1041 2354 est

85 2395 164 2473 quod
178 2393 320 2470 significat
335 2394 362 2452 S.
377 2394 497 2466 Paulus,
521 2393 597 2452 Phil.
612 2393 644 2454 ii.
662 2396 708 2466 12,
727 2397 762 2455 13
782 2394 817 2471 (“
829 2392 904 2454 cum
918 2397 998 2452 metu
1012 2397 1042 2453 et

86 2505 208 2553 tremore
224 2497 274 2555 duo.
315 2494 394 2552 Deus
416 2499 459 2554 est
478 2493 555 2552 enim
575 2493 660 2571 &c.);
689 2499 719 2552 et
744 2493 787 2552 ita
808 2496 929 2568 egerunt
943 2510 1041 2551 omnes

89 2597 197 2655 Sancti.

111 2846 126 2928 ᾖ
142 2852 167 2906 5.
189 2846 232 2905 Da
246 2845 446 2906 conditionibus
460 2846 498 2905 od
510 2845 638 2905 maritum
653 2845 684 2904 da
703 2845 835 2923 coodrpuo
849 2846 1017 2907 ccccccarr'ic.

129 3010 173 3066 93.
196 3005 382 3066 Condiciones
396 3009 465 3064 sunt
478 3024 516 3064 ex
529 3005 610 3081 parto
630 3003 732 3082 operis,
747 3023 785 3064 ex
798 3008 880 3080 parte
893 3005 1039 3082 operantis

91 3111 168 3167 etex
181 3109 263 3184 parte
276 3104 342 3164 Dei.
382 3106 409 3164 Ι.
431 3105 478 3164 Er
498 3109 580 3182 parte
599 3105 693 3181 operis
713 3105 872 3182 requiritur
895 3103 933 3178 1⁰,
956 3109 1037 3166 octus
1057 3167 1059 3170 ,

91 3206 238 3284 positivus,
266 3225 320 3265 nec
341 3205 448 3265 sufficit
473 3224 552 3264 mera
578 3203 693 3264 omissio
723 3223 773 3264 seu
797 3206 924 3264 carentia
944 3209 1035 3264 actus.

91 3307 169 3364 Mera
182 3304 259 3364 enim
274 3304 388 3382 omissio
406 3323 464 3362 non
486 3308 529 3362 est
542 3301 725 3363 voluntaria:
751 3303 880 3380 alioquin
893 3304 1038 3363 dormiens

52 3391 56 3400 ⁸
92 3410 217 3465 mereret.
260 3404 372 3482 Siquis
393 3407 489 3464 autem
510 3408 578 3463 actu
599 3403 724 3484 positivo
743 3403 859 3464 omittat
878 3405 988 3464 malurn
1002 3405 1039 3463 ad

93 3509 164 3586 quod
176 3510 315 3576 tentatur,
336 3507 399 3565 haec
422 3508 542 3565 nonest
564 3524 640 3564 moro
662 3503 776 3564 omissio
798 3505 848 3564 sed
866 3508 947 3564 actus
960 3504 1036 3582 posi·

93 3609 167 3668 tirus
179 3606 338 3666 voluntatis
351 3606 459 3665 malum
473 3605 550 3664 illud
563 3602 730 3682 rejicientis.
771 3606 820 3678 Et,
842 3604 954 3664 etiamsi
974 3603 1039 3664 fieri

92 3713 181 3799 posset
205 3712 239 3770 ut
265 3709 375 3776 malum
402 3709 528 3775 evitetur
554 3728 605 3796 per
631 3707 790 3793 simplicem
819 3706 1038 3792 suspensionem
