2408 4304
166 403 231 478 460
530 399 586 466 De
603 400 740 468 Gratata.
958 401 1049 486 [our.
1062 420 1109 464 ru.

165 567 319 640 augmento
333 564 430 626 mariti
442 583 480 625 ex
493 566 628 640 operibus
641 566 804 626 meritoriis
818 566 983 626 numeriae
995 567 1115 633 divarum

165 665 310 724 undenam
333 665 421 724 unius
447 670 477 724 ot
502 666 632 741 ejusdem
659 667 757 742 operis
792 673 950 742 augeatur
978 663 1118 724 meritum?
1172 666 1176 780 ⁵

165 765 250 841 Rap.
272 767 307 824 In
321 786 426 841 genere
446 773 570 842 augetur
587 767 727 825 meritum
748 789 802 844 per
824 789 863 826 ea
886 787 958 845 quae
981 767 1121 824 bonitatem
1176 794 1177 812 .

166 864 261 940 operis
281 870 398 940 augent.
440 866 600 942 Sequentia
626 872 703 939 suut,
734 868 772 926 de
797 869 921 944 quibus
948 865 1124 925 communiter
1177 896 1181 942 ι

165 964 242 1024 inter
265 966 414 1042 theologos
437 967 725 1042 convenit-semper
752 975 858 1027 tamen
894 969 1052 1045 supposita
1071 983 1125 1024 oon·

169 1068 278 1128 ditione
305 1071 401 1130 eatena
428 1070 559 1146 poribus.
605 1071 646 1129 1⁰.
670 1072 779 1147 Operis
804 1074 1016 1132 continuatio.
1061 1069 1127 1128 Hine
1181 1086 1182 1100 ¹

170 1170 263 1246 magis
283 1171 349 1246 quis
371 1175 464 1230 meret
485 1172 681 1232 continuando
702 1173 869 1232 orationem
895 1194 954 1249 per
969 1171 1128 1231 semihoram

171 1293 258 1351 quam
282 1275 408 1334 sistendo
434 1279 500 1352 post
526 1277 728 1352 quadrantem.
776 1278 989 1336 Difficultates
1011 1274 1129 1352 quadam

173 1373 293 1433 subtiles
316 1374 473 1434 videantur
495 1376 573 1451 apud
597 1378 723 1448 Susiana,
746 1396 771 1434 e.
793 1381 842 1446 21,
867 1385 899 1436 et
916 1375 1094 1452 opuseulum
1107 1376 1128 1431 5.

63 1530 69 1543 ,
170 1473 198 1532 d.
215 1477 243 1544 2,
259 1494 281 1532 s.
299 1479 326 1546 3,
352 1474 469 1534 bravius
492 1475 569 1552 apud
587 1475 740 1546 Humucx,
763 1495 793 1534 n.
810 1480 860 1536 92.
905 1479 954 1535 2⁰.
977 1475 1074 1550 Major
1093 1470 1130 1528 in·

171 1577 291 1637 tensitas
300 1598 350 1636 seu
360 1578 474 1637 fervor:
490 1579 540 1636 sed
554 1579 589 1637 de
598 1580 652 1636 hoe
663 1579 723 1638 vid.
736 1581 849 1638 monita
859 1579 1016 1656 sapientia
1028 1580 1128 1642 Bnosn,

173 1677 269 1736 Canon
285 1677 362 1736 Vitae
378 1677 554 1754 spiritualis,
570 1697 594 1736 o.
612 1683 660 1748 26,
676 1683 707 1737 et
722 1679 752 1738 S.
762 1679 934 1752 Anenousr,
953 1672 1128 1738 Exercitatio

174 1775 292 1835 Amoris
314 1778 387 1835 Jesu
410 1776 528 1847 Christi,
551 1796 577 1835 c.
596 1780 631 1837 17
647 1776 663 1856 5
678 1779 706 1848 2,
732 1786 762 1836 et
780 1779 887 1836 Praxis
900 1776 1080 1842 confesarii,
1103 1789 1128 1829 n.

177 1879 233 1933 125
262 1881 292 1934 et
317 1875 349 1934 in
376 1876 442 1934 aliis
468 1875 529 1934 suis
556 1877 712 1952 opusculis.
757 1877 799 1936 5⁰.
822 1878 1022 1936 Excellentia
1048 1872 1130 1948 major

173 1973 268 2050 operis
281 1975 421 2052 objeotive
435 1976 564 2051 spectati
607 1975 648 2033 4⁰·
671 1977 874 2036 Exeellentior
890 1979 962 2035 finis
977 1970 1127 2052 operantis,

174 2092 204 2130 v.
219 2092 247 2146 g.
263 2074 286 2130 si
300 2081 369 2148 agat
387 2094 424 2132 ex
444 2075 553 2132 motivo
576 2075 734 2133 eharitatis.
776 2077 820 2135 5⁰.
842 2077 940 2153 Major
960 2069 1127 2136 liberamini

174 2173 293 2246 agendo.
329 2173 374 2233 60.
395 2174 491 2249 Major
503 2175 597 2250 operis
611 2175 774 2234 difficultas.
807 2175 937 2241 Quidam
952 2179 1064 2251 negant
1076 2167 1127 2226 dii·

174 2270 334 2330 fiaultatem
362 2274 456 2348 operis
482 2293 535 2349 per
563 2293 593 2332 se
620 2294 725 2350 augere
751 2275 901 2333 meritum.
945 2276 1057 2334 Censeo
1079 2269 1127 2326 hoc

175 2371 291 2430 omniuo
305 2372 411 2430 falsum
425 2392 495 2443 esse,
508 2375 539 2431 et
552 2375 651 2431 eontra
662 2393 845 2431 communem
861 2394 979 2432 sensnm
988 2369 1124 2431 fidelium.

177 2473 226 2550 uio
239 2475 291 2551 qui
304 2475 460 2534 tentationi
479 2477 562 2552 gravi
581 2477 691 2534 resistit
709 2495 792 2552 aeque
814 2478 933 2535 fortiter
953 2497 986 2535 aa
1006 2472 1127 2534 selioiter

177 2593 210 2631 ao
237 2574 296 2632 levi
323 2594 400 2648 sane,
427 2595 479 2649 pro
505 2575 618 2634 ratione
651 2576 805 2650 gravitatis
831 2577 1013 2646 tentationis,
1040 2568 1125 2644 magi!

176 2677 290 2730 meret:
318 2681 362 2732 est
382 2674 460 2732 enim
486 2693 538 2752 pro
567 2694 601 2733 ea
626 2674 739 2734 ratione
766 2693 839 2750 opus
865 2673 975 2733 melius
999 2677 1032 2732 et
1055 2684 1123 2747 prae·
1181 2703 1182 2706 ¹

177 2773 311 2830 stantius.

218 2875 285 2930 189.
311 2873 456 2942 Quaeritur
469 2873 512 2934 40.
534 2873 640 2932 Anad
661 2873 796 2930 meritum
817 2871 987 2948 requiratur
1010 2867 1121 2948 quidam

179 2971 285 3044 gradus
308 2971 509 3044 intensitatis3
533 2973 575 3031 ita
599 2976 633 3030 ut
659 2991 732 3048 opus
752 2970 918 3040 remissum,
943 2971 965 3028 i.
980 2991 1011 3028 e.
1031 2983 1122 3029 carens

178 3071 356 3142 intensitats,
371 3072 447 3130 nihil
458 3072 570 3149 praemii
584 3072 744 3131 essentialis
759 3068 889 3128 mereat?
923 3071 1010 3147 Reap.
1030 3071 1067 3129 1⁰.
1081 3068 1123 3123 Ex

178 3167 241 3242 jam
255 3168 349 3240 dietis,
364 3169 457 3246 major
470 3169 622 3227 intensitas
632 3176 721 3243 auget
734 3168 886 3236 meritum
910 3175 941 3226 et
954 3189 1024 3243 ergo
1038 3167 1124 3226 minor

133 3317 139 3327 ,
178 3265 330 3326 intersitas
344 3268 480 3326 meritum
496 3267 613 3326 minuit.
648 3267 691 3326 2⁰.
713 3267 1123 3336 Praeterillamintensitatenl

182 3366 220 3442 (si
233 3365 275 3424 ita
288 3366 368 3442 loqui
388 3366 500 3442 lineat),
523 3386 573 3426 seu
595 3372 741 3437 conatum,
764 3367 816 3442 qui
836 3367 1014 3426 necessarius
1032 3373 1074 3426 est
1092 3362 1122 3421 ad

181 3465 374 3524 substantiam
388 3466 483 3541 operis
502 3465 672 3541 ponendam,
694 3465 751 3521 alia
764 3465 800 3521 ad
813 3462 946 3520 meritum
962 3482 1022 3521 uon
1035 3460 1121 3538 requi-

180 3565 256 3622 ritur
268 3585 275 3622 :
299 3570 328 3622 et
338 3564 483 3622 sententia
493 3564 622 3640 opposita
631 3563 699 3639 jure
710 3583 728 3622 a
738 3565 865 3622 Tiausa
875 3563 917 3638 (n.
931 3562 1002 3638 103)
1013 3569 1121 3618 vocatur

184 3671 331 3738 “prorsus
352 3665 425 3720 falsa
443 3672 473 3722 et
491 3664 718 3739 improbabilis.”
760 3663 828 3722 vid.
846 3665 967 3732 Sunuuz,
982 3661 1001 3719 L
1017 3666 1044 3733 9,
1059 3679 1081 3718 a.
1096 3663 1118 3728 3,

181 3761 211 3811 et
224 3759 259 3814 da
274 3759 465 3830 Paenitentia,
481 3762 510 3818 d.
527 3765 554 3831 4,
571 3780 594 3819 s.
609 3767 635 3829 4,
650 3779 679 3818 n.
694 3766 721 3819 9.
