2408 4304
92 441 178 489 urae.
194 389 286 509 31η]Ι
465 427 518 490 Da
532 421 669 490 Martio.
984 443 1043 505 421

92 589 219 667 gratiam
238 593 358 669 speotet.
398 591 472 652 Eam
485 593 582 678 eutem
595 611 656 653 esse
669 611 736 654 vere
749 591 928 671 stipendium
941 592 1047 653 nostris

93 693 275 769 argumentis
285 693 347 770 jam
360 693 589 755 demonstratum
602 697 656 757 eet.

138 793 185 853 75.
209 789 309 868 Objaot.
325 795 353 852 9.
375 791 482 850 Omnes
498 790 574 868 justi
594 793 664 850 sunt
682 790 822 864 haeredes,
844 794 875 850 et
898 790 970 868 ipsis
987 789 1049 850 vita

92 893 205 951 oeterne
227 911 280 968 per
299 891 417 951 modum
443 892 625 953 haereditetis
649 893 790 952 obvenit:
819 896 855 952 ut
875 896 987 954 constat
1013 912 1050 952 ex

92 993 181 1053 Rom.
205 993 269 1055 viii.
291 993 345 1064 17;
366 993 425 1054 cot
446 993 491 1054 iii.
516 999 564 1067 24,
593 997 623 1053 at
647 993 713 1053 eliis
734 995 815 1054 loeis.
858 995 917 1056 eeu
939 995 1050 1056 haeredi

92 1093 215 1155 obvenit
240 1094 395 1155 haeredites
418 1114 456 1156 ex
483 1095 542 1155 solo
562 1097 630 1173 jure
653 1094 851 1167 hereditario,
879 1095 941 1157 sine
964 1115 1049 1175 opere

93 1196 253 1257 meritorio.

138 1298 184 1360 76.
203 1295 287 1374 Resp.
310 1297 350 1358 10.
370 1277 448 1359 Diet.
467 1297 623 1376 majorem:
667 1296 806 1358 Haeredes
825 1298 902 1370 sunt,
925 1295 1001 1356 sient
1020 1300 1050 1358 at
1165 1301 1174 1314 “

91 1398 160 1474 filii,
175 1399 436 1478 peradoptionem:
460 1400 607 1461 Oeneedo:
628 1397 804 1460 Naturales:
826 1398 928 1475 Nego:
952 1397 1049 1459 Chris·

92 1506 146 1562 tus
161 1501 239 1561 solus
261 1505 306 1562 est
321 1501 401 1561 filine
421 1503 452 1562 et
467 1501 561 1562 haeres
576 1501 633 1562 Dei
646 1500 798 1562 naturalia.
840 1501 883 1562 2⁰.
903 1499 980 1562 Dist.
995 1500 1049 1560 mi-

92 1621 213 1663 norem:
242 1601 362 1662 Haeredi
384 1601 528 1663 naturali:
562 1603 720 1661 Transeat:
749 1599 869 1660 Herodi
893 1600 1047 1678 adoptivo:

94 1701 305 1780 Subdistinguo
318 1722 325 1763 :
348 1701 380 1762 ei
393 1702 506 1761 nnllam
518 1701 662 1780 ejusmodi
674 1699 871 1761 uenditionem
884 1701 1050 1779 apposuerit

93 1803 254 1881 adoptans:
270 1802 422 1862 Gonoedo:
442 1802 473 1863 Si
483 1801 667 1881 apposuerit:
691 1802 783 1878 Nego.
806 1800 942 1862 Jemvero
953 1801 1050 1862 Deum

94 1902 263 1982 apposuisse
283 1899 479 1963 eoniiitionem
499 1902 598 1963 meriti
617 1922 670 1981 pro
688 1901 797 1962 adultis
818 1901 958 1980 (infantes
971 1899 1049 1963 enim

93 2002 239 2082 baptizati
259 2003 416 2063 morientes
437 2002 499 2063 sine
516 2003 620 2064 merito
641 2003 766 2084 proprio,
792 2005 877 2081 eujus
899 2001 1050 2080 ineepaees

95 2107 175 2176 eunt,
197 2123 235 2164 ex
256 2103 315 2162 eolo
335 2103 404 2182 jure
419 2102 597 2164 hereditatis
614 2105 762 2182 recipiunt
774 2102 867 2164 vitam
889 2104 1046 2164 aeternam:

95 2205 125 2266 d.
142 2208 170 2277 9,
185 2223 216 2265 n.
231 2203 293 2281 26),
317 2205 429 2264 eonstat
444 2203 486 2275 10,
501 2222 538 2264 ex
552 2203 683 2263 textibus
699 2203 731 2263 in
748 2202 916 2282 probatione
936 2202 1047 2275 nilatis;

96 2306 141 2378 2⁰,
164 2323 203 2364 ex
220 2303 351 2366 textibus
367 2303 504 2364 indicatis
520 2303 553 2363 in
575 2304 736 2382 objeotione
747 2308 819 2364 :-“
831 2303 971 2364 Heredes
984 2303 1055 2380 qui·

96 2407 164 2467 dem
177 2405 243 2478 Dei,
265 2403 426 2465 coheredes
446 2406 544 2464 autem
557 2403 674 2477 christi,
691 2404 720 2462 si
732 2407 829 2463 tamen
847 2403 1048 2481 compatimur,

95 2511 130 2566 ut
148 2507 178 2566 et
190 2503 467 2582 conglorificemur.”
508 2504 593 2563 Rom.
621 2503 861 2580 “Quodcumque
882 2502 987 2575 fecitis,
1012 2521 1050 2562 ex

97 2605 195 2666 animo
208 2605 373 2682 operamini,
395 2605 473 2665 siout
485 2602 610 2664 Domino
623 2607 653 2664 et
666 2622 725 2662 non
737 2601 913 2675 hominibus,
928 2603 1050 2662 seientes

97 2705 176 2784 quod
190 2724 207 2764 a
219 2705 344 2765 Domino
358 2704 506 2782 ueeipietie
527 2703 735 2764 retributionem
747 2701 954 2763 hereditatie.'’
989 2703 1050 2763 Ool.

98 2805 196 2865 Simul
220 2804 349 2864 haeredes
374 2823 475 2864 eumue
501 2807 532 2864 et
559 2805 636 2863 servi
661 2822 713 2862 seu
739 2802 863 2880 operarii
874 2802 1047 2878 :-“Euge,

96 2923 172 2965 serve
186 2905 261 2965 bone
278 2907 308 2966 et
321 2904 445 2977 fidelie,'’
463 2907 511 2964 &e
554 2909 573 2938 “
586 2903 724 2978 Satagite,
746 2907 780 2962 ut
796 2921 851 2978 par
871 2903 946 2962 bona
967 2920 1050 2978 opero

97 3007 206 3066 eertum
220 3009 345 3065 vestram
355 3004 534 3064 vocationem
547 3006 577 3064 et
590 3001 762 3064 electionem
774 3001 915 3063 feeietis.”
940 3002 1048 3062 Matth.

97 3125 171 3165 xxv.
186 3107 242 3180 233
266 3105 354 3164 2Pet
367 3105 388 3166 i.
406 3109 450 3164 10.

142 3203 189 3265 77.
219 3201 319 3280 Objeot.
347 3207 393 3261 10.
419 3202 463 3262 Ut
475 3221 548 3280 opus
565 3200 603 3260 sit
619 3219 684 3261 vere
698 3199 889 3269 meritorium,
904 3201 1050 3279 proportio

98 3303 177 3363 inter
202 3301 330 3362 illudet
351 3301 505 3380 premium
531 3301 656 3362 existere
683 3301 778 3361 debet.
820 3300 878 3360 sed
903 3301 986 3360 nulle
1006 3305 1051 3362 est

98 3403 245 3482 proportio
258 3423 287 3464 v.
302 3423 331 3480 g.
348 3402 425 3463 inter
443 3406 545 3481 potum
563 3421 646 3481 equae
669 3401 781 3478 frigide
803 3403 922 3480 pauperi
938 3402 1050 3463 sitienti

100 3508 201 3566 datum
214 3509 245 3566 et
258 3509 395 3567 aatemm
409 3505 532 3581 gloriam
546 3505 628 3565 eoeli.

139 3607 189 3672 78.
210 3606 295 3682 esp.
320 3607 360 3666 1⁰.
382 3605 459 3666 Diet.
473 3605 629 3684 majorem:
654 3604 749 3664 Debet
762 3622 823 3664 esse
835 3603 981 3681 proportio
996 3604 1049 3664 ali-

100 3726 174 3789 qua:
200 3707 348 3766 Concedo:
374 3706 524 3788 Propertio
543 3705 672 3788 perfectu
689 3707 719 3764 et
732 3704 917 3788 equalitatis,
934 3705 1050 3788 qualem
