2410 4318
79 366 173 417 nisi>
190 343 279 437 vm]
345 343 523 420 Concordia
542 344 668 420 Gratata
682 345 918 422 ambolant
981 369 1040 440 257

81 524 132 578 est
148 519 220 596 quia
232 518 282 578 ille
295 520 395 595 gratiae
409 521 562 582 sufficienti
575 523 635 600 jam
650 521 724 580 data
737 520 847 582 resistit
834 523 955 582 tSed
968 523 1045 582 redit

82 621 215 678 diffieult
205 625 298 678 ttaso
283 624 330 680 a
350 626 380 680 e
393 621 438 680 int
439 629 510 682 aeta
552 623 608 682 Vel
626 622 703 681 enim
724 621 776 680 illa
797 622 889 698 gratia
903 623 1046 682 sufficiens

81 721 325 796 praedeterminat
339 721 459 798 physice
472 723 521 781 vel
534 742 600 794 non
619 724 668 782 &a
682 727 717 782 ut
730 742 826 800 snpra,
842 743 872 784 n.
889 728 937 787 57.

127 825 178 878 60.
200 819 295 878 Instat
308 819 393 880 idem.
431 821 649 881 “Verissimum
663 826 715 894 est,
731 822 767 880 ad
781 842 839 880 non
852 823 1044 882 resistendum

81 919 190 996 gratiae
217 919 381 994 sufficienti,
407 940 459 980 seu
481 922 517 979 ad
543 921 590 979 illi
617 921 863 993 consentiendum,
887 942 958 998 opus
985 941 1045 980 esse

80 1020 181 1094 gratia
195 1019 319 1078 efficaci:
343 1023 375 1079 at
389 1020 423 1078 ad
438 1020 483 1078 illi
497 1020 692 1080 resistendum
706 1039 765 1078 non
778 1021 937 1098 requiritur
951 1021 1045 1097 gratia

81 1119 198 1190 efficax,
215 1118 264 1177 sed
285 1119 392 1178 suffieit
412 1120 488 1178 mula
500 1121 656 1180 voluntas:
681 1121 739 1180 ista
762 1124 862 1180 autem
881 1120 1045 1179 resistentia

82 1224 131 1276 est
146 1238 232 1276 eausa
255 1239 307 1276 eur
321 1219 507 1278 subtrabatur
529 1219 623 1296 gratia
636 1220 747 1280 effioax.
787 1221 856 1280 Non
879 1220 956 1278 enim
980 1220 1044 1278 ideo

81 1319 222 1377 voluntas
241 1319 350 1378 resistit
364 1320 465 1395 gratiae
486 1321 640 1380 sufficienti
654 1319 724 1397 quia
736 1325 814 1379 earet
833 1319 949 1394 efficaci,
965 1321 1044 1380 sede

82 1423 188 1477 contra
214 1418 278 1477 ideo
300 1424 379 1479 earet
366 1419 503 1478 teffieaei
530 1420 601 1496 quia
623 1419 733 1478 resistit
695 1419 928 1479 trtsuffieienti:
958 1439 1044 1478 eausa

82 1523 137 1576 aut
138 1537 185 1575 em
211 1517 300 1594 hujus
332 1518 417 1577 resist
418 1522 466 1577 en
467 1539 511 1590 1ae
539 1519 673 1592 uldixi,
702 1521 746 1578 est
772 1518 848 1578 mala
875 1518 1042 1578 voluntas.'’

82 1617 117 1675 P.
137 1617 204 1690 179,
221 1622 288 1687 222,
304 1617 372 1678 225.

127 1726 175 1780 61.
198 1724 280 1798 Resp.
301 1723 444 1782 Voluntas
472 1721 588 1804 quidem
616 1726 660 1782 est
683 1741 768 1781 eausa
795 1721 975 1796 resistentia,
999 1726 1043 1782 est

83 1821 164 1878 enim
178 1821 312 1880 voluntas
326 1841 392 1899 quae
407 1822 525 1882 resistit.
568 1823 698 1888 Quaestio
713 1841 770 1880 non
785 1827 829 1880 est
842 1822 877 1880 de
891 1822 1043 1880 voluntate

83 1921 166 1978 nuda
189 1941 240 1978 seu
254 1926 367 1980 serente
391 1921 470 1980 omni
490 1921 694 1997 gratia-talis
715 1921 794 1980 enim
808 1922 944 1981 voluntas
967 1921 1043 1980 nihil

84 2019 214 2078 salutare
235 2010 288 2079 aut
301 2021 392 2080 faeere
416 2026 468 2080 aut
481 2022 557 2093 uelle
578 2025 683 2098 potest.
724 2021 798 2104 Nee*
810 2023 930 2099 quaetio
951 2027 994 2081 est
1008 2021 1043 2080 de

84 2118 256 2178 necessitate
277 2120 385 2196 gratiae,
412 2121 472 2180 sive
497 2121 665 2191 sufficientis
688 2121 748 2180 sive
772 2121 903 2194 efficacis,
926 2123 963 2180 ad
987 2122 1043 2182 sibi

83 2218 265 2278 resistendum
280 2239 331 2278 seu
345 2220 381 2278 ad
394 2225 571 2297 praeceptum
589 2221 877 2296 violandum-quod
897 2241 1043 2280 summum

86 2323 132 2375 est
145 2322 175 2376 et
187 2337 293 2393 purum
309 2318 541 2380 deliramentum.
583 2321 639 2379 sed
650 2321 774 2396 quaestio
788 2327 832 2379 est
845 2321 880 2379 de
890 2321 1042 2380 voluntate

85 2415 184 2490 amata
197 2414 308 2472 auxilio
322 2415 359 2472 ad
373 2421 548 2492 preceptum
569 2418 741 2488 seruandam,
758 2436 794 2474 an
809 2416 953 2474 auxilium
967 2417 1042 2474 illud

86 2513 164 2590 quod
177 2513 333 2572 Themistoe
342 2519 448 2574 vacant
459 2515 604 2574 sufficiens
613 2534 681 2574 vere
691 2515 835 2573 sufficiens
846 2515 893 2587 sit,
905 2516 1040 2591 quoniam

86 2617 165 2671 earet
188 2613 374 2690 praemotione
398 2615 528 2691 physica,
552 2617 615 2672 sine
638 2633 697 2690 qua
717 2614 853 2672 voluntas
875 2633 930 2672 aaa
947 2619 1042 2689 pateat

86 2719 184 2771 aetum
206 2733 310 2788 ponere
331 2733 381 2772 seu
409 2734 522 2773 servare
541 2719 727 2790 praeceptum.
776 2714 921 2774 Voluntas
940 2713 1042 2790 adjuta

86 2813 179 2889 gratia
201 2813 354 2872 sufficienti
374 2815 553 2874 Themistiea
574 2815 600 2873 ei
619 2815 738 2888 resistit,
754 2820 783 2874 et
796 2834 854 2873 non
874 2819 970 2891 potest
983 2835 1042 2873 non

86 2915 226 2988 resistere,
244 2915 312 2992 quia
326 2916 420 2990 gratia
432 2916 484 2974 illa
497 2936 597 2975 revera
616 2917 791 2975 insufficiens
805 2920 858 2976 est.
899 2917 1041 2986 Voluntas

87 3019 132 3073 est
145 3015 262 3090 quidem
275 3035 361 3076 eausa
373 3015 555 3089 resistentia,
568 3017 617 3074 sed
627 3017 762 3074 voluntas
772 3016 917 3075 auxiliata
930 3017 1041 3074 auxilio

87 3114 241 3174 sufficienti
254 3115 430 3174 Themistieo
450 3116 514 3175 ideo
529 3117 556 3174 ei
576 3117 686 3176 resistit
699 3118 768 3193 quia
788 3123 832 3176 est
845 3137 911 3178 vere
928 3119 1040 3176 insuffi-

87 3215 165 3274 eiens
188 3216 347 3289 auxilium
376 3236 434 3275 non
454 3217 524 3293 quia
549 3218 684 3276 voluntas
709 3223 787 3277 earet
808 3217 902 3294 gratia
922 3219 1038 3291 efficaci,

88 3336 172 3375 sensu
185 3317 353 3390 Molinian0,
369 3319 419 3376 sed
440 3319 509 3396 quia
532 3324 609 3378 earet
621 3319 716 3394 gratia
737 3319 844 3380 effieaei
856 3338 942 3378 sensu
961 3319 1038 3378 'Pho-

87 3420 209 3479 mistico.

127 3527 174 3582 62.
196 3522 253 3595 Sia,
280 3523 305 3582 si
330 3523 427 3583 oeulos
453 3525 574 3584 habeam
601 3525 770 3600 hebetiores,
797 3525 840 3585 ita
866 3534 902 3584 ut
928 3524 1035 3586 librum

87 3624 181 3704 legere
194 3645 253 3686 non
275 3627 390 3703 possim,
405 3628 549 3688 hebetudo
573 3629 629 3688 ista
652 3630 801 3690 oculorum
822 3647 907 3688 eausa
932 3629 1036 3709 utique
