2408 4304
95 433 187 478 nrsr.
204 415 282 499 xrs]
482 417 538 483 De
552 413 687 484 Merite.
993 443 1057 505 419

96 600 172 642 vero
187 581 244 641 alie
256 581 321 658 lege
335 601 421 660 opera
447 583 500 642 illa
520 584 611 657 Deus,
634 603 785 662 supremus
797 586 901 665 judex,
917 586 1056 667 inspicit;

98 685 134 743 et
147 689 183 742 ut
195 686 264 742 sunt
280 682 312 742 in
334 703 364 742 se
387 686 458 757 tota,
482 687 513 744 et
535 687 571 744 ut
594 688 663 744 sunt
684 705 723 744 ex
744 686 809 764 ejus
827 687 923 764 gratia
935 689 1013 749 fecta
1026 699 1056 750 et

96 783 216 844 elevata
229 786 259 843 et
269 785 416 857 exornata,
428 783 491 861 ipso
505 803 538 844 ea
550 783 583 844 in
595 785 679 844 nobis
691 789 836 862 operante,
852 805 886 846 ea
899 791 1058 851 coronabit.

98 881 163 953 Qui
187 881 264 942 enim
287 901 339 959 per
360 882 535 960 Apostolum
559 883 670 961 (Jacob.
695 883 736 943 iv.
762 885 822 962 10),
847 905 968 947 monens
994 907 1056 962 nos,

4 985 5 990 ’
96 981 190 1053 dixit,
215 981 451 1042 “Humilicmini
464 982 496 1042 in
508 986 666 1060 conspectu
684 983 833 1057 Domini,”
853 1003 904 1063 per
923 988 1056 1062 eundem,

95 1081 276 1159 promittent
305 1082 397 1154 nobis,
421 1082 507 1153 dixit,
538 1083 609 1144 “Et
631 1083 775 1144 exaltabit
797 1084 879 1145 vos.''
929 1087 970 1146 Et
994 1089 1056 1166 qui,

96 1183 260 1242 secundum
277 1185 456 1260 praeceptum
476 1182 605 1256 Domini,
621 1201 651 1242 se
670 1203 723 1261 pro
744 1201 826 1244 servo
846 1184 946 1244 inutili
958 1187 1054 1261 hauet,

96 1282 201 1342 audiet
214 1283 293 1342 abeo
307 1283 405 1342 dulcia
415 1283 503 1342 verba
517 1283 578 1356 illa,
594 1289 602 1318 ‘
607 1288 614 1317 ‘
619 1284 712 1360 Euge,
724 1301 805 1344 serve
818 1282 883 1344 bone
895 1286 1055 1365 ctfldcls'c.”

97 1382 207 1447 Matth.
222 1402 294 1442 xxv.
311 1386 360 1443 28.

139 1484 189 1548 70.
210 1483 285 1543 Haec
296 1481 499 1560 interpretatio
514 1482 569 1560 ¹huj
576 1501 608 1540 us
622 1481 679 1542 loei
694 1481 769 1541 mihi
788 1482 885 1543 verior
898 1501 960 1545 esse
973 1484 1056 1546 vide·

96 1587 158 1644 tur.
205 1583 282 1644 Alie
303 1588 401 1643 autem
427 1586 496 1642 sunt
518 1580 782 1658 interpretationes,
806 1582 913 1660 quibus
939 1603 1056 1662 quoque

96 1683 234 1744 funditus
248 1683 393 1762 disjicitur
403 1681 527 1762 objectio
542 1707 552 1756 ς
572 1701 654 1760 quas,
670 1681 719 1742 cui
729 1682 792 1742 haec
802 1681 947 1761 displicet,
957 1683 1056 1744 videet
1076 1673 1081 1684 ’

99 1785 182 1863 apud
194 1784 419 1845 macomus.

141 1889 188 1947 71.
226 1885 325 1964 Objrot.
354 1891 383 1946 8.
420 1883 607 1960 “Stipendia
634 1880 785 1963 [οψωνὶα]
813 1882 934 1960 peccati,
958 1902 1052 1944 mors:

100 1989 197 2064 gratia
211 1984 371 2068 [χαρισμιι]
386 1989 483 2046 sutem
497 1985 562 2058 Dei,
573 1985 635 2044 vita
649 1988 766 2058 reterns,
783 1985 812 2044 in
825 1984 939 2045 Christo
953 1985 1055 2046 ὄθετ’

100 2090 186 2149 Rom.
201 2088 242 2148 vi.
252 2092 301 2150 23.
343 2087 375 2147 Si
389 2087 474 2146 detur
488 2087 634 2160 meritum,
658 2085 836 2162 stipendium
850 2085 913 2164 ejus
927 2090 971 2146 est
993 2085 1056 2146 vita

101 2191 220 2261 aeterne,
236 2206 319 2266 aeque
332 2207 365 2248 ec
378 2207 454 2246 mors
464 2190 571 2246 eterna
583 2185 695 2263 peccati
708 2185 887 2262 stipendium
901 2189 954 2247 est.
995 2187 1056 2246 Sed

101 2289 143 2348 sic
156 2307 202 2348 res
214 2307 272 2347 non
287 2292 349 2349 cst:
371 2287 502 2365 quia10,
517 2287 547 2346 S.
561 2286 671 2344 Paulus
694 2285 786 2345 vitam
810 2288 949 2346 oeternum
970 2290 1056 2347 vocat

102 2387 227 2464 gretiam
244 2391 275 2448 et
295 2407 353 2447 non
367 2386 561 2464 stipendium
581 2385 625 2458 20,
640 2384 777 2460 stipendio
791 2385 893 2446 mortis
913 2404 965 2462 per
977 2385 1053 2446 anti·

102 2495 205 2554 theton
218 2493 339 2570 opponit
349 2493 474 2570 qratiam
483 2492 552 2552 vitae
566 2493 690 2550 aetarnae.

143 2589 191 2650 72.
212 2589 299 2666 Recp.
328 2589 369 2650 1⁰.
389 2589 472 2666 Nego
495 2587 643 2665 majorem.
684 2584 764 2644 Mors
784 2583 862 2644 enim
882 2586 991 2646 aetema
1010 2589 1055 2646 est

103 2713 211 2772 purum
224 2693 410 2773 stipendium,
432 2711 512 2770 purae
529 2691 680 2770 justititiee
693 2711 775 2769 opus,
790 2692 853 2750 sine
864 2690 927 2749 ulla
940 2690 1053 2767 gratia:

103 2796 169 2858 vita
190 2799 289 2856 autem
309 2799 419 2856 esterna
436 2793 616 2872 stipendium
638 2795 683 2852 est
702 2793 780 2870 quod
799 2792 832 2851 in
851 2791 946 2868 gratia
958 2795 1054 2851 totum

103 2893 255 2967 fundetur,
281 2893 369 2953 etiam
390 2895 534 2969 quatenus
554 2890 587 2949 in
609 2889 798 2967 promissione
819 2889 877 2948 Dei
902 2888 1053 2962 fundatur,

104 2991 167 3050 haec
191 2990 269 3050 enim
291 2988 441 3066 promissio
462 3007 534 3066 pure
555 2985 683 3063 gratuita
705 2987 757 3046 est.
801 2984 862 3046 Vid
876 2985 996 3044 Luscius
1019 2986 1055 3044 de

106 3089 322 3150 Pefeotionibus
335 3088 460 3156 Divinis,
476 3088 497 3146 l.
515 3091 560 3160 13,
577 3107 607 3147 n.
625 3090 690 3145 194.

145 3195 193 3254 73.
221 3193 261 3254 2⁰.
281 3193 358 3256 Dist.
383 3193 542 3253 minorem:
572 3190 667 3250 Vocet
691 3192 741 3250 &c
767 3189 888 3266 opponit
910 3191 963 3250 &a
985 3191 1055 3268 quia

106 3298 200 3359 voluit
219 3297 380 3375 significare
393 3297 486 3358 vitam
505 3299 643 3356 eternam
662 3292 843 3352 nullomodo
858 3311 925 3352 vere
946 3293 1054 3370 stipen-

108 3398 189 3457 dium
208 3417 287 3458 esse:
317 3397 417 3474 Nego:
449 3397 493 3456 Ob
520 3395 592 3454 alies
618 3411 720 3470 graves
743 3391 888 3451 rationes:
913 3393 1053 3452 Concedo.

107 3499 173 3571 Res,
190 3517 255 3575 quse
269 3497 301 3557 in
314 3497 488 3575 quibusdam
507 3493 618 3554 similes
629 3495 707 3564 sunt,
728 3494 758 3552 et
771 3490 807 3549 ad
820 3490 899 3549 idem
912 3492 1057 3568 quoddam

107 3617 199 3676 genus
217 3598 373 3675 pertinent,
393 3596 492 3658 eodem
511 3593 629 3654 nomine
648 3595 785 3651 cuicum
805 3590 905 3650 eodem
925 3592 1058 3668 apposito

109 3697 239 3782 generice
255 3697 323 3782 jure
338 3696 467 3757 indicas:
489 3697 525 3758 ut
537 3694 563 3758 si
578 3711 651 3777 opus
663 3691 782 3774 aliquod
796 3690 930 3752 Suarezii
942 3696 972 3752 et
985 3711 1058 3774 opus
