2402 4292
32 402 156 448 nram.
177 379 246 472 ux.]
313 380 369 448 Dc
382 383 522 448 Natura
536 389 569 449 et
588 381 636 453 Va'
649 379 743 448 (ἔναι’.
758 382 876 450 Habil.
967 407 1030 474 329

35 549 209 609 fluminis
232 549 307 627 tegit
331 549 459 624 hortum,
487 549 564 628 ignia
595 549 748 612 involvens
781 552 908 625 domam,
935 551 1033 630 liquor

40 651 176 710 delens
190 651 328 729 paginam
339 652 482 730 scriptam.
523 653 581 726 Sic,
595 653 661 729 Job.
673 652 738 712 xxi.
754 657 791 711 26
803 659 877 714 :·-“
892 652 986 714 Simul
1000 652 1033 712 in

45 751 199 828 pulvere
222 752 375 827 dormient,
401 758 432 814 et
453 773 565 815 vermes
588 739 720 832 operient
742 755 819 814 eoa.”
863 753 1033 814 “Inimioos

48 871 177 912 eorum
206 855 321 930 operuit
346 855 456 914 mare.''
506 855 613 916 Psalm.
639 854 746 916 lxxvii.
771 860 820 916 53.
862 857 922 915 Isto
950 855 1034 915 modo

49 957 195 1029 peccata
205 953 361 1030 justificati
373 953 434 1029 tegi
457 958 538 1030 patet
558 973 596 1013 cx
618 955 796 1030 argumentis
816 954 924 1028 allatis,
939 975 969 1016 n.
983 959 1032 1028 ct,

56 1055 122 1113 &a
169 1053 238 1112 Imo
261 1053 291 1112 id
312 1052 343 1112 in
364 1053 427 1130 ipso
440 1056 527 1112 textu
546 1053 658 1138 objecto
672 1054 777 1114 diserta
790 1053 1034 1131 significetur:-

60 1157 88 1186 “
106 1172 240 1231 quorum
256 1153 376 1213 remissa
396 1157 465 1213 sunt
486 1151 667 1234 [ἂφεθησαν]
688 1153 890 1232 iniquitates,”
905 1154 926 1213 i.
942 1173 968 1214 e.
990 1153 1035 1212 di·

60 1259 185 1332 missae,
209 1258 330 1338 abjectae
353 1258 457 1338 (Angl.
482 1265 501 1294 “
512 1263 576 1319 sent
589 1278 681 1336 away,
702 1264 754 1336 got
766 1259 812 1319 rid
825 1259 858 1320 of
865 1258 909 1337 '’t,
924 1262 954 1320 et
968 1277 1036 1336 ergo

61 1384 136 1424 non
150 1364 279 1442 amplius
291 1365 323 1423 in
336 1368 486 1442 peccatore
498 1368 657 1426 manentes

116 1469 165 1527 72.
191 1465 276 1532 Quod
289 1485 356 1525 vero
377 1464 484 1525 attinet
504 1465 542 1524 ad
561 1470 661 1524 textus
682 1485 720 1526 ex
740 1465 826 1526 Prov.
841 1485 873 1525 x.
889 1467 948 1525 etl
967 1466 1032 1524 Pet.

71 1566 119 1626 iv.
136 1565 182 1643 (n.
198 1566 260 1643 69),
275 1569 390 1624 tantum
405 1565 488 1625 abeat
500 1569 535 1624 ut
548 1569 676 1625 nostram
700 1565 861 1624 doctrinam
874 1565 1032 1638 infirment,

71 1671 113 1726 ut
124 1686 194 1725 eam
207 1667 292 1725 valde
305 1667 426 1726 firment
434 1672 463 1725 et
471 1665 627 1725 illustrent.
669 1664 804 1726 Charitas
825 1665 904 1725 enim
922 1685 991 1725 vera
1004 1669 1035 1725 et

73 1767 208 1844 perfecta
228 1767 308 1844 (quae
332 1772 377 1826 est
401 1766 525 1825 charitas
538 1763 573 1826 in
587 1765 717 1826 textibus
725 1765 790 1825 isti
804 1765 989 1844 significata),
1005 1770 1035 1824 et

75 1868 110 1926 in
128 1867 159 1926 S.
171 1866 321 1943 Scriptura
343 1869 373 1925 et
392 1865 425 1924 in
444 1864 582 1925 Patribus
594 1865 669 1925 etin
682 1885 812 1926 sermone
822 1870 852 1926 et
865 1883 951 1924 sensu
963 1863 1034 1923 fida·

76 1967 157 2026 lium
180 1971 210 2026 et
235 1969 384 2043 perpetuo,
409 1969 446 2024 ut
467 1964 545 2042 ignis
571 1965 911 2042 representatur-ignis
937 1983 1032 2038 urens,

80 2069 195 2142 ardens,
206 2067 440 2144 flagrans-adeo
458 2073 493 2128 ut
515 2069 547 2127 in
566 2088 614 2128 ore
637 2070 766 2132 omnium
780 2072 912 2130 vereatur
925 2067 1034 2128 dictum

78 2169 168 2241 illud,
190 2169 347 2229 “charitas
369 2169 480 2240 ardens,
504 2167 716 2242 inflammans,”
742 2171 791 2229 &c
833 2169 941 2229 Sensus
967 2185 1035 2242 ergo

79 2276 220 2332 textuum
233 2269 319 2347 plane
330 2267 377 2328 hic
387 2273 432 2329 est
447 2268 581 2328 :-Sicut
593 2269 671 2345 ignis
679 2269 758 2347 quod
766 2267 859 2346 operit
872 2267 1036 2328 etiuvolvit

84 2372 236 2445 consumit,
259 2372 344 2432 itaet
358 2371 482 2430 charitas
500 2371 594 2448 operit
616 2378 734 2447 peccata
748 2389 782 2430 aa
795 2369 988 2430 consumendo
1003 2373 1034 2430 et

85 2474 212 2534 delendo.
252 2474 301 2532 Ad
326 2491 388 2532 rem
414 2473 597 2548 suntverba
624 2473 742 2542 Christi,
766 2473 837 2532 Luc.
861 2471 910 2530 vii.
932 2475 1035 2534 47:—

87 2581 108 2608 ⁴⁴
118 2574 305 2634 &mittuntur
314 2571 492 2655 [αφεωνται]
507 2572 534 2632 ei
544 2577 662 2652 peccata
672 2571 775 2646 multa,
786 2570 923 2649 quoniam
936 2569 1035 2630 dilexit
1133 2565 1135 2570 ’

87 2673 242 2736 multum.'’
266 2701 272 2710 ·

131 2779 172 2840 73.
192 2779 268 2840 Satis
280 2798 349 2840 vero
372 2781 454 2856 patet
475 2797 547 2838 nsua
568 2777 725 2854 scripturae
740 2776 775 2836 de
785 2774 848 2854 iam
862 2772 958 2848 dictis,
975 2771 1036 2832 aive

89 2900 178 2942 sermo
190 2879 228 2940 sit
241 2881 277 2940 de
290 2879 431 2939 charitate
445 2879 501 2938 Dei
515 2899 584 2954 erga
596 2897 657 2950 noa,
673 2866 734 2936 sive
748 2876 784 2935 de
798 2875 938 2934 charitate
952 2875 988 2934 ab
1002 2894 1037 2934 ea

89 2985 123 3043 in
136 2982 210 3041 nobis
224 2981 351 3041 excitata
364 2981 450 3059 eique
472 2981 670 3058 respondente.
712 2983 732 3014 “
744 2977 841 3038 Fortis
854 2981 898 3037 est
911 2980 947 3036 nt
960 2995 1037 3036 mors

92 3084 209 3154 dilectio,
224 3085 297 3144 dura
310 3084 386 3148 sicut
399 3083 530 3142 infernus
538 3081 705 3142 aemulatio:
728 3079 875 3158 lampades
888 3078 952 3156 ejus
964 3078 1036 3137 lam·

92 3185 174 3264 podes
194 3185 270 3263 ignis
291 3194 379 3263 atque
400 3184 591 3244 flammarum.
639 3185 733 3260 Aquae
754 3181 856 3240 multa
877 3197 935 3238 nou
949 3183 1036 3258 potu·

94 3287 349 3362 ernutextinguere
360 3284 537 3358 charitatem,
563 3302 617 3344 nec
637 3281 762 3342 flumina
785 3282 911 3342 obruent
923 3277 1036 3338 illam.''

96 3386 171 3446 Cant.
191 3386 252 3447 viii.
276 3384 306 3457 6,
330 3385 359 3452 7.
400 3384 488 3460 Item,
511 3385 601 3444 Matt.
625 3383 669 3444 iii.
697 3386 752 3457 113
772 3381 855 3443 xxiv.
881 3384 944 3441 12:
964 3378 1029 3440 Luc

97 3484 145 3546 xii.
159 3490 201 3546 49.
789 3484 793 3493 '

134 3587 174 3646 74.
194 3586 273 3660 Resp.
288 3586 333 3644 II.
349 3586 385 3645 ad
406 3584 561 3645 secundam
584 3587 696 3661 partem
717 3579 898 3660 objectionis,
916 3599 1034 3658 nempe,

98 3686 204 3748 dicendo
225 3686 340 3764 culpam
363 3687 391 3748 ei
414 3689 465 3766 qui
488 3705 556 3747 vere
575 3705 638 3746 eam
661 3684 778 3746 admisit
797 3703 857 3746 non
879 3682 1034 3764 imputari,
