2402 4292
178 369 240 448 358
566 361 622 428 Da
639 360 773 429 Gratia.
996 365 1141 451 [niem

217 535 263 593 nl.
282 531 368 610 Rarp.
409 530 493 592 Nihil
516 531 561 592 est
579 529 611 589 io
632 531 720 590 textu
742 529 794 591 vel
816 531 966 592 oontextn
988 532 1028 593 de
1050 535 1143 594 eondi-

173 632 304 693 tionibns
323 633 362 692 ed
382 629 631 710 justificationem,
660 633 712 688 out
738 629 885 707 explicite
909 636 966 691 ant
992 632 1142 712 implicite

174 731 271 792 Verba
283 732 396 809 objeoto
415 730 580 808 signifioant
593 731 710 789 tentum
724 730 887 790 effioaoiam
900 733 1054 792 orationis
1068 734 1144 794 inlel-

174 833 288 894 libilem
301 837 331 894 et
343 833 480 894 fidneiom
499 833 685 910 firmamque
704 817 796 892 orare
813 833 972 895 debemus.
1019 836 1096 896 Dioo
1110 838 1145 908 1⁰,

175 935 329 996 effloeoiem
348 933 541 1007 infallibilem,
556 953 669 1012 nempe,
685 935 722 994 ad
735 953 770 994 ea
783 936 884 995 omnio
898 937 1075 998 obtinenda
1088 957 1147 1017 qno

174 1037 335 1099 neoessuia
355 1037 473 1098 suntad
493 1035 624 1107 salutem,
642 1035 807 1096 seeundum
826 1035 937 1100 Jooob.
954 1038 978 1098 i.
997 1045 1039 1099 56
1053 1042 1148 1102 etalio

174 1137 261 1216 pluro
281 1137 353 1199 loeo.
394 1137 467 1198 Dieo
481 1137 524 1208 2⁰,
548 1136 686 1196 fiduoiam
709 1137 833 1210 firmam,
859 1139 978 1217 utique
1004 1141 1032 1201 si
1056 1141 1147 1202 debito

175 1238 260 1298 modo
278 1241 385 1311 oretur,
407 1237 566 1298 seeundum
589 1237 713 1298 eundem
732 1237 834 1298 Jooob.
849 1237 893 1298 iv.
910 1241 1029 1301 3:-“
1039 1242 1145 1313 Petitis¹

178 1341 208 1400 et
220 1357 278 1398 non
292 1337 432 1416 eooipitie,
447 1357 480 1398 eo
501 1337 578 1416 qnod
591 1337 666 1398 mole
686 1337 823 1415 petetis.'’
867 1337 949 1405 Ques
972 1341 1039 1402 sint
1056 1343 1145 1403 eondi-

176 1438 270 1499 tiones
282 1438 320 1498 od
332 1438 429 1499 debite
449 1437 590 1498 orandum
608 1455 667 1496 non
680 1440 726 1498 est
737 1437 829 1515 hujus
849 1437 911 1498 loni
925 1457 1081 1504 enni-rnre,
1119 1441 1145 1500 Si
1184 1453 1185 1466 i

176 1556 244 1598 vero
256 1542 388 1616 pooootor
401 1538 497 1598 debito
511 1539 594 1598 modo
607 1539 670 1598 oret
679 1537 776 1598 Deum
789 1537 919 1613 gratiam
937 1543 1142 1622 eonversionis‚

175 1637 357 1716 impetrando
369 1637 567 1698 infallibiliter
579 1635 724 1699 obtinebit
737 1640 768 1698 et
780 1636 1001 1715 dispositiones
1017 1643 1056 1702 od
1065 1642 1143 1721 justi·

175 1737 338 1798 fiootionem
358 1741 388 1799 et
402 1740 494 1816 ipsam
510 1737 761 1816 Justifieotionem.
804 1723 870 1798 Hoc
898 1740 1030 1816 quidem
1044 1743 1075 1802 in
1095 1743 1142 1802 ists

175 1839 369 1916 propositione
381 1837 482 1900 textis
495 1838 623 1914 generali
634 1839 779 1916 implicite
789 1839 1000 1914 significatur:
1018 1861 1142 1922 qnaenon

176 1939 274 1998 entem
288 1939 348 2000 sint
361 1937 562 2017 dispositiones
574 1938 634 1999 ille
648 1937 818 1998 nullomodo
832 1938 1040 2018 significetur.

178 2154 193 2237 5
209 2161 236 2217 3.
258 2157 401 2219 Probatur
414 2159 555 2222 Doctrina
572 2155 718 2220 Oatbola‘aa
737 2157 770 2218 ala
782 2157 997 2240 Iaeaffiaieatr'a
1012 2163 1138 2225 Ilara'al

531 2261 776 2341 Jaotr‘flaata'oaam.

214 2423 264 2481 32.
284 2420 444 2482 Poonoeioo
467 2423 512 2484 II.
540 2423 650 2482 Pratar
663 2422 760 2501 fidam,
786 2419 852 2482 alia
880 2424 1085 2500 dispositiones
1108 2425 1139 2484 al

166 2517 397 2599 joastifiaata'amm
404 2521 560 2600 proratoris
572 2522 766 2600 raqaa'rmstar.

216 2677 392 2760 (Propositio
405 2680 497 2742 sormi
510 2679 662 2758 negativi:
678 2679 745 2742 Sola
758 2680 831 2741 fidos
840 2699 902 2741 non
913 2681 1067 2761 justifloot
1078 2703 1134 2764 pec-
1184 2769 1185 2776 ἵ

176 2783 326 2862 oannem.)

221 2946 269 3000 33.
290 2941 465 3019 Arpamaata
478 2961 511 3001 aa
527 2941 559 3002 S.
570 2941 733 3019 Scriptura.
762 2941 981 3002 Anoonnnnon
992 2945 1020 3006 Ι.
1042 2946 1092 3005 Ex
1104 2944 1133 3002 iis

175 3045 248 3106 loeis
267 3045 299 3104 in
321 3042 427 3122 quibus
446 3043 627 3119 significatur
645 3044 754 3103 directe
771 3046 802 3103 et
819 3043 927 3103 diserte
946 3045 1039 3120 fidem
1053 3047 1134 3106 solam

174 3167 233 3207 non
252 3145 421 3226 justifiobre,
445 3164 496 3204 seu
520 3144 549 3204 in
575 3145 681 3223 quibus
703 3145 861 3224 propositio
882 3145 978 3206 formo
1000 3149 1133 3225 negotiis

175 3247 343 3308 affirmetur.

212 3349 300 3409 Fides
313 3347 374 3408 solo
386 3365 444 3407 non
455 3346 609 3425 Justifioat
626 3347 651 3406 si
663 3347 734 3408 fides
748 3345 988 3425 ojostifiootione
1009 3347 1131 3427 separari

172 3448 272 3525 possit,
297 3447 322 3506 si
335 3448 407 3508 fides
430 3447 462 3507 in
476 3447 512 3506 iis
526 3446 649 3507 existere
670 3449 768 3524 posset
780 3445 833 3522 qui
853 3449 974 3507 manent
995 3448 1131 3526 usquein
1184 3487 1185 3498 t

173 3549 251 3606 stetu
273 3547 394 3624 poooati.
449 3548 507 3610 Sed
530 3565 591 3608 rom
614 3546 658 3610 ita
681 3565 711 3608 se
730 3547 836 3609 habore
860 3565 899 3606 ex
922 3547 953 3606 S.
980 3547 1128 3626 Scriptura

172 3645 360 3704 manifestum
374 3648 427 3708 est.
