2410 4314
184 465 227 525 60
552 458 608 523 Dc
624 431 754 523 Gratti).
964 457 1069 541 [urse.
1087 478 1137 522 111,

182 625 288 688 exinde
301 623 427 686 excitata
439 624 477 683 ad
489 624 676 700 operandum,
687 624 782 682 adhuc
795 621 988 682 necessarium
1001 626 1049 682 est
1064 643 1138 684 aux·

181 725 268 786 ilium
279 726 355 795 lrauc
368 724 512 803 adjuvans
524 725 562 784 ad
574 724 728 784 actualiter
747 722 934 801 operandum.
974 721 1046 782 Etsi
1059 723 1139 783 dicas
1188 798 1189 805 ἵ

181 826 306 905 gratiam
318 826 498 886 excitantem
520 844 572 884 auo
590 825 675 884 modo
698 825 847 902 adjuvare,
869 821 950 901 quod
962 841 1069 882 verum
1084 829 1136 896 est,

181 927 341 1006 requiritur
363 931 461 987 tamen
473 925 619 1003 adipsum
641 945 715 1003 opus
733 924 931 1002 praestandum
943 943 1005 984 non
1018 928 1137 984 tantum

181 1029 276 1106 gratis
289 1048 353 1107 quae
373 1027 495 1105 adjuvat
518 1027 664 1085 nutando
684 1026 726 1085 ad
737 1025 918 1102 sporadum,
940 1025 990 1085 sed
1004 1044 1076 1104 quor
1090 1026 1138 1085 ad·

178 1129 267 1206 juvat
288 1128 446 1206 mando:
471 1131 503 1186 et
529 1127 605 1186 hanc
628 1145 764 1186 vocamus
786 1125 911 1203 gratiam
933 1125 1135 1204 adjuvantem.

181 1229 325 1301 *Suum
340 1248 407 1288 cum
426 1227 492 1287 aliis
504 1227 556 1304 qui
579 1247 647 1287 eum
666 1231 837 1304 sequuntur,
853 1225 926 1286 dicit
944 1225 1075 1302 gratiam
1089 1226 1137 1287 ad·

177 1329 331 1407 jurantem
356 1334 445 1387 “non
467 1347 529 1387 esse
550 1325 609 1386 nisi
630 1326 772 1386 actionem
794 1325 896 1403 ipsam,
918 1345 978 1404 qua
995 1325 1036 1385 fit
1055 1331 1137 1386 actus

180 1429 250 1488 fidei
272 1429 321 1490 vel
341 1427 492 1488 charitatis
513 1427 562 1486 rel
584 1426 635 1485 alii
654 1426 782 1486 similes:
803 1425 854 1485 isti
866 1429 965 1486 autem
978 1429 1065 1487 actus
1078 1446 1135 1486 non

179 1530 257 1589 fiunt
278 1529 311 1588 in
333 1528 425 1601 uobis,
451 1529 513 1587 sine
525 1527 628 1586 morali
646 1530 677 1587 et
686 1523 781 1586 libera
802 1525 1002 1604 cooperatione
1025 1531 1134 1588 nostra.

180 1629 253 1689 Cum
266 1633 365 1688 autem
382 1627 490 1705 aliquis
512 1631 594 1686 actus
613 1625 783 1704 hujusmodi
805 1626 841 1684 fit
863 1644 881 1684 a
904 1625 966 1684 Deo
986 1629 1020 1686 et
1040 1627 1134 1699 nobis,

179 1749 238 1788 non
250 1727 453 1788 interveniunt
464 1726 507 1786 ibi
519 1727 584 1786 duae
597 1726 733 1800 actiones,
742 1726 834 1786 altera
842 1725 908 1798 Dei,
918 1725 1012 1786 altera
1025 1731 1134 1800 nostra,

179 1831 230 1890 sed
242 1849 303 1888 una
314 1828 510 1901 indivisibilis,
526 1847 591 1906 quae
605 1829 641 1888 ab
661 1831 785 1906 utroque
797 1825 941 1905 principio
954 1830 1094 1905 proximo
1108 1834 1136 1889 et

178 1927 334 2005 principali
357 1947 407 1987 seu
431 1927 590 1988 universali
613 1925 806 1989 essentialiter
827 1927 954 2005 pendet:
977 1947 1048 2006 ergo
1067 1929 1136 1989 talis

178 2027 254 2088 actio
275 2027 340 2086 fieri
362 2046 421 2087 non
443 2032 540 2105 potest
560 2027 593 2087 in
614 2027 709 2102 nobis,
741 2030 804 2090 sine
825 2027 909 2088 nobis
932 2029 1085 2090 moraliter
1107 2034 1136 2090 et

178 2129 269 2188 libere
291 2127 541 2206 cooperantibns''
568 2130 607 2208 (c.
627 2133 672 2189 16.
691 2149 721 2188 n.
737 2133 780 2210 4).
823 2134 842 2162 “
854 2127 965 2189 Gratiae
990 2130 1136 2190 excitanti

178 2229 214 2288 de
238 2248 268 2287 se
289 2227 385 2287 resisti
407 2233 522 2306 potest;
544 2234 575 2289 et
594 2227 659 2288 ideo
681 2248 757 2307 saepe
777 2233 893 2288 tantum
911 2232 957 2288 est
976 2228 1133 2302 sufficiens,

178 2329 249 2406 quia
271 2327 299 2389 ei
321 2327 485 2389 resistitur:
508 2329 663 2408 adjuvanti
685 2335 782 2391 antem
803 2347 954 2407 nunquam
977 2329 1133 2402 resistitur,

178 2428 229 2488 sed
237 2448 349 2508 semper
358 2433 402 2490 est
412 2429 522 2502 efficax,
531 2429 564 2488 id
576 2433 629 2503 est,
644 2431 733 2492 habet
742 2431 887 2491 effectum.
908 2471 918 2489 .
939 2471 946 2490 .
970 2471 977 2489 .
1002 2473 1010 2490 .
1031 2432 1135 2492 Altera

179 2549 244 2607 pars
269 2528 375 2610 [hujus
396 2529 578 2610 assertionis]
603 2549 644 2617 en
664 2550 752 2609 supra
774 2529 860 2590 dictis
883 2533 928 2590 est
951 2529 1131 2592 manifesta:

178 2630 248 2707 quia
260 2632 355 2706 gratia
368 2631 511 2708 adjuvans
524 2629 647 2692 actualis
671 2649 731 2692 non
752 2631 839 2690 datur
859 2629 918 2690 nisi
937 2629 1053 2691 homini
1066 2637 1133 2692 actu

178 2729 310 2807 operanti
323 2734 354 2790 et
367 2729 575 2804 eonsentienti3
597 2730 649 2808 qui
663 2735 762 2792 autem
782 2731 927 2792 consentit
939 2751 999 2790 non
1011 2731 1132 2792 resistit.

177 2829 255 2888 Item
267 2830 330 2889 haeo
343 2831 436 2906 gratia
450 2831 591 2908 adjuvans
605 2835 650 2892 est
663 2831 726 2910 ipse
738 2831 870 2890 influxus
882 2831 939 2891 Dei
949 2831 998 2890 vel
1011 2832 1133 2892 habitin
1189 2865 1190 2892 l

177 2927 321 2988 inactum
341 2929 532 2990 deliberatum
547 2931 707 2992 voluntatis
722 2949 730 2990 t
754 2931 807 3008 qui
829 2930 961 2991 influxus
980 2929 1014 2990 iu
1027 2951 1061 2992 re
1074 2952 1132 2991 non
1189 2955 1190 3016 l

177 3026 369 3102 distinguitur
392 3029 427 3088 ab
452 3029 564 3088 actione
588 3030 680 3108 ipsius
702 3029 848 3092 hominis:
884 3051 951 3108 ergo
975 3050 1046 3092 cum
1069 3031 1132 3092 haec
1189 3019 1190 3068 l

176 3126 271 3202 gratia
294 3131 360 3186 aotu
384 3129 480 3199 datur,
500 3109 564 3205 jani
575 3129 661 3208 homo
681 3150 740 3190 non
759 3113 877 3190 resistit.
917 3129 1131 3197 coerctione

175 3226 298 3301 probant
311 3245 372 3285 esse
394 3225 574 3303 impossibile
597 3228 745 3290 hominem
765 3229 898 3290 resistere
916 3229 986 3289 huic
1006 3231 1129 3308 gratim

174 3332 219 3384 est
242 3328 339 3384 autem
360 3325 413 3384 illa
435 3326 654 3403 impossibilitas
682 3329 840 3406 composita
868 3327 916 3410 [in
943 3349 1030 3389 sensu
1054 3351 1129 3390 com·

174 3421 293 3503 posito],
329 3429 363 3482 ut
394 3425 436 3484 ita
470 3425 573 3497 dicam,
609 3430 640 3486 ct
675 3427 740 3486 ideo
773 3447 832 3487 uon
865 3432 1010 3506 repugnat
1042 3429 1130 3489 liber·

175 3523 239 3583 tati.
281 3524 357 3582 Nam
371 3525 433 3583 hmo
454 3525 549 3600 gratia
572 3525 698 3584 involvit
718 3547 767 3586 seu
787 3527 1129 3612 habetoonoomitautem

173 3623 300 3696 liberum
322 3622 470 3682 influxum
493 3623 672 3698 voluntatia3
695 3631 724 3684 ct
748 3625 822 3700 ideo,
837 3647 871 3686 eo
884 3627 947 3704 ipso
967 3629 1046 3704 quod
1066 3627 1131 3686 tulis

172 3721 265 3798 gratia
280 3722 341 3780 dari
356 3723 539 3799 supponitur,
562 3723 651 3782 simul
671 3725 759 3784 etiam
780 3725 955 3803 supponitur
974 3746 1046 3787 usus
1058 3727 1132 3786 liber
