2424 4314
163 433 204 488 22
530 413 586 479 De
611 411 742 479 Gratia.
961 413 1062 499 [mar.
1077 434 1117 480 ιι.

160 580 398 662 interpretantur,
414 582 449 640 ut
472 577 597 657 “imago
608 581 625 608 ”
651 599 685 640 ea
708 577 852 656 aignifioei
871 597 939 658 qum
952 578 985 639 in
998 579 1122 641 homine

161 680 307 743 naturalia
319 682 398 752 aunt,
421 683 441 714 ‘⁸
452 678 614 740 similitudo
624 679 641 708 ”
662 698 731 740 vero
746 699 783 739 aa
793 697 862 758 quar
874 681 1118 758 supernaturalia.
1203 687 1204 690 ’

125 800 128 808 ·
161 783 275 843 Saurea
297 779 383 860 (ibid.
398 798 423 840 e.
440 784 467 852 8,
483 799 513 840 n.
530 780 596 858 31),
618 776 673 839 etri
696 779 771 838 hano
795 777 1068 857 interpretationem
1083 784 1118 840 ut
1203 797 1204 830 1

161 881 344 961 spiritualem
363 879 451 940 valde
472 861 652 958 probabilem
670 883 762 953 vocat,
787 880 909 940 alteram
931 883 966 939 ut
988 881 1118 940 maxime

159 981 302 1042 literalem
316 984 347 1041 et
359 981 475 1040 aeneum
495 978 666 1058 primarium
687 978 882 1040 continentem
897 979 1032 1052 antefert,
1049 999 1116 1059 qun.

161 1081 284 1142 affirmat
308 1085 468 1159 utrumque
489 1079 672 1154 vocabulum,
697 1098 749 1158 per
771 1079 959 1158 hendyadim,
985 1080 1118 1140 adhiberi
1203 1083 1204 1154 l

160 1180 197 1242 ad
220 1179 298 1242 idem
319 1179 438 1258 gravius
461 1183 491 1240 et
512 1177 671 1258 perfeetiue
691 1177 923 1257 aiguirieandum.
965 1181 1013 1240 Ita
1027 1179 1117 1240 etiam
1203 1161 1204 1206 3

159 1277 461 1351 u.Lm1minloe.;
483 1277 640 1351 Perurrua,
657 1277 676 1340 l.
693 1281 720 1352 t,
737 1297 762 1339 e.
779 1282 807 1352 2,
824 1297 853 1340 n.
871 1283 918 1352 13,
934 1279 1012 1357 apud
1028 1299 1115 1358 quem

112 1435 126 1450 ,
161 1379 256 1441 rariaa
269 1377 369 1439 ridear
382 1377 645 1457 interpretationes.
1203 1429 1204 1438 ,

199 1483 245 1539 24.
268 1483 306 1539 2⁰.
326 1477 373 1540 Da
393 1475 451 1539 lide
474 1483 519 1539 eat
543 1476 699 1552 Adnmum,
724 1476 860 1538 violando
883 1477 1115 1556 praeceptumde

159 1579 258 1640 iruoiu
281 1577 372 1639 vetito
398 1596 457 1637 uon
489 1577 671 1652 comedendo,
706 1577 835 1654 graviter
862 1580 1051 1656 peeeeturum
1085 1583 1116 1638 at

159 1682 268 1740 etatum
282 1697 367 1739 auum
382 1677 565 1751 amissurum,
587 1683 674 1756 prout
694 1677 730 1738 de
749 1677 825 1738 laeto
845 1677 971 1755 graviter
984 1677 1116 1756 peccavit

159 1783 189 1839 at
209 1783 317 1838 alatum
343 1777 450 1840 amisit.
493 1779 626 1856 Insuper,
650 1779 781 1838 fatentur
801 1797 910 1852 omnea,
926 1777 969 1838 ait
982 1777 1112 1851 Souara,

83 1859 85 1866 ¹
160 1897 186 1940 e.
204 1882 249 1951 1³,
265 1896 295 1938 u.
312 1881 341 1951 2,
364 1895 432 1938 eum
451 1875 581 1955 potuieee
601 1877 659 1937 alia
679 1877 780 1955 gravia
800 1881 946 1957 praerepta
959 1876 1068 1938 violare
1084 1884 1114 1938 et

158 1977 223 2039 ideo
245 1977 369 2055 gratiam
393 1976 621 2038 aanotifieanlem
650 1979 792 2051 amittere,
820 1978 934 2038 etiamai
957 1978 992 2038 de
1015 1979 1115 2040 iruotu

159 2075 250 2137 vetito
261 2095 319 2135 non
330 2075 498 2136 comederet
540 2075 618 2136 *Sed
631 2075 796 2155 disputatur
806 2097 851 2150 an,
865 2078 920 2137 alio
929 2097 1116 2157 quorumque

159 2175 243 2253 graui
263 2179 382 2254 peoeato
404 2175 538 2251 admisso,
561 2195 621 2238 uon
642 2176 737 2237 solum
760 2197 777 2237 a
801 2177 896 2254 gratia
915 2175 1115 2238 muntiliounte

160 2273 211 2335 aed
224 2274 313 2336 etium
327 2277 418 2337 atoto
439 2278 519 2337 atatu
537 2277 590 2337 illo
608 2276 798 2337 reatitudinis
816 2281 848 2336 ei
865 2277 1017 2338 lalieiiatir
1034 2277 1116 2338 dela-

160 2375 286 2435 beretur.
330 2375 586 2454 Contraqnoedam
600 2380 730 2436 auotoree
744 2397 762 2436 a
776 2378 934 2450 Suanorum,
951 2376 1022 2436 ibid.
1037 2395 1068 2438 n.
1085 2383 1113 2450 ³,

160 2473 264 2534 eitatoe
277 2477 306 2535 et
320 2473 391 2536 alioa
404 2479 470 2555 poet
490 2495 566 2549 eum,
588 2481 622 2537 ut
635 2476 787 2549 Ηιιιιιιισκ,
804 2495 870 2553 para
883 2477 912 2550 2,
928 2475 957 2537 d.
974 2480 1002 2547 d,
1017 2494 1045 2536 n.
1060 2481 1111 2551 25,
1203 2491 1204 2514 ²

160 2577 308 2651 neganter,
333 2573 406 2636 milri
430 2575 515 2654 longe
537 2575 713 2655 probabilior
735 2577 851 2635 videtur
872 2576 1017 2636 sententia
1037 2577 1112 2636 affir-
1203 2589 1204 2656 ,

161 2693 252 2748 maur,
272 2693 360 2754 quam
383 2675 535 2750 Wroarue,
567 2696 596 2735 n.
621 2679 669 2747 75,
696 2695 877 2736 eommunem
898 2687 992 2738 voeat.
1042 2675 1113 2736 vid.

160 2776 332 2848 argumenta
355 2775 432 2852 apud
464 2775 578 2836 eoadem
602 2779 633 2836 et
656 2775 738 2849 alios,
771 2775 900 2835 maxime
924 2779 996 2853 aput
1020 2777 1112 2839 Suari.

161 2877 308 2956 Quidquid
331 2878 366 2938 de
387 2879 442 2939 hoe
456 2879 572 2953 dieitur,
587 2883 697 2942 certum
711 2884 755 2942 eet
769 2881 849 2960 apud
862 2899 960 2941 omnen
974 2881 1033 2940 eolo
1047 2901 1114 2960 pee-

160 2978 224 3036 oeto
239 2975 355 3036 mortali
370 2963 467 3038 amitti
480 2982 588 3040 etatum
609 2979 705 3042 illum.
745 2980 825 3042 Hine
838 2979 932 3040 oritur
942 2980 1063 3060 questio
1078 2983 1116 3042 de

159 3079 276 3155 peooato
297 3075 418 3152 veniali,
453 3077 577 3140 durante
607 3079 659 3141 illo
691 3083 779 3155 statu,
814 3080 947 3142 admisso.
998 3081 1114 3155 Plures,

160 3173 292 3236 Sootiatoe
305 3176 468 3254 praesertim
492 3183 559 3258 poet
576 3180 705 3255 Sootum,
719 3183 822 3240 tenent
835 3181 982 3240 Adamum
994 3199 1115 3258 peceare
1203 3257 1204 3264 ἵ

159 3273 289 3353 potuisse
307 3274 471 3352 venialiter,
496 3279 598 3340 saltem
620 3299 659 3340 ex
677 3280 797 3341 levitate
818 3279 956 3341 materie).
997 3279 1112 3354 Plures,

160 3371 317 3434 Thomiatoe
331 3375 492 3454 praesertim
515 3393 581 3456 poet
595 3379 624 3439 S.
641 3381 791 3454 Thomam,
808 3381 909 3441 tenent
923 3385 943 3414 “
952 3397 1011 3439 non
1026 3384 1113 3457 potu-

160 3472 216 3535 iere
245 3477 355 3534 etatum
391 3475 541 3555 originalia
560 3479 685 3558 justitie
717 3481 863 3558 integrum
884 3498 1062 3558 permanere,
1089 3481 1115 3541 ai

157 3573 243 3636 bomo
254 3573 409 3637 venialiter
421 3581 565 3656 peeoaret:
587 3579 657 3658 quia
670 3579 825 3658 ipsummet
835 3583 986 3658 peceatum
998 3581 1112 3642 veniale

159 3672 321 3735 formaliter
340 3679 383 3738 eet
405 3676 562 3738 (ilminutio
584 3679 717 3758 quaedam
739 3679 821 3740 illiue
843 3681 968 3740 statua.'’
1018 3679 1112 3742 Sauo.
