2424 4300
98 375 182 420 11111.
199 355 266 440 111]
315 355 370 420 De
388 355 510 422 Gratata
525 359 685 426 elevante:
705 356 850 443 positive.
1007 381 1046 443 97

96 521 274 596 intellectus)
302 523 351 582 sed
378 525 464 582 etiam
492 527 584 602 gratia
610 524 770 585 voluntatis
800 524 1048 602 (inspirationis)?

96 621 145 694 Et,
161 641 197 680 an
210 622 355 699 responsio
370 625 542 686 affirmativa
559 646 617 686 non
631 625 725 685 solum
739 627 817 684 certa
830 624 876 699 sit,
898 625 1048 685 sedetiam

97 720 132 780 da
146 720 203 780 ilde
218 721 388 782 catholica?

108 817 111 822 ’
140 827 204 882 110.
227 824 312 900 Resp.
335 825 367 884 si
386 830 532 902 spectetur
551 827 644 903 gratia
664 826 833 886 illuminans
847 831 881 886 ut
894 845 965 905 pure
978 827 1047 888 illu-

96 921 220 995 minans,
236 927 265 982 et
279 924 444 986 nullomodo
467 947 519 986 nec
541 927 649 988 directe
670 947 764 1004 neque
785 927 924 988 indirecte
944 928 1048 987 redun-

96 1023 169 1082 dans
182 1022 213 1080 in
228 1023 408 1086 voluntatem
423 1046 543 1104 eamque
566 1048 694 1101 movens,
713 1028 774 1086 sine
797 1028 885 1086 dubio
906 1027 1049 1105 ejusmodi

96 1121 192 1200 gratia
205 1142 263 1182 non
278 1125 420 1185 sufficeret
443 1127 479 1185 ad
501 1147 573 1205 opus
597 1111 724 1186 salutare
745 1127 933 1186 efficiendum.
976 1127 1049 1186 011111

97 1221 176 1281 enirn
190 1223 323 1284 voluntas
336 1228 380 1284 est
392 1245 445 1303 per
459 1246 544 1304 quam
558 1225 702 1304 praecipue
716 1245 801 1304 opcra
813 1229 962 1304 ponuntur
976 1225 1049 1304 (sive

97 1323 159 1381 sint
180 1328 261 1382 aetus
281 1324 343 1400 ejus
366 1325 467 1398 eliciti,
491 1331 526 1385 ut
543 1326 699 1397 eharitatis,
723 1327 784 1386 aive
805 1334 885 1385 actus
906 1326 1048 1402 imperati.

97 1422 236 1497 arridei),
261 1423 286 1481 ai
309 1443 382 1500 opus
403 1425 528 1485 salutare
551 1425 621 1502 poni
645 1429 741 1502 posset
764 1426 800 1484 ab
825 1425 950 1498 homine,
966 1425 1050 1501 cujus

97 1521 233 1582 voluntas
250 1523 417 1584 nullomodo
439 1525 578 1599 elevatur,
595 1529 666 1584 tunc
683 1525 807 1584 facultas
821 1545 893 1601 pure
907 1525 1050 1583 naturalis

96 1643 156 1684 non
171 1625 262 1683 solum
276 1629 386 1702 partem
401 1626 451 1686 sed
464 1626 639 1704 praecipuam
657 1629 768 1703 partem
789 1626 908 1684 haberet
921 1624 952 1683 in
966 1644 1050 1701 opere

96 1725 219 1786 salutari
242 1727 413 1804 praestando.
467 1729 617 1788 Catholiea
645 1732 743 1786 antem
774 1727 846 1786 fides
870 1727 953 1790 docet
975 1725 1051 1784 nihil

95 1825 223 1904 positive
246 1847 413 1886 concurrere
437 1829 578 1904 possead
606 1848 677 1905 opus
709 1827 835 1886 salutare
858 1825 1048 1898 efficiendum,

96 1927 244 2004 nisiquod
256 1932 348 1988 estex
361 1929 462 2004 gratia.
504 1927 612 1988 Censeo
622 1947 689 2004 ergo
704 1947 764 1986 esse
775 1926 943 1986 haereticum
957 1925 1051 1985 dicere

97 2023 224 2100 gratiam
243 2024 458 2085 illuminantem
480 2025 534 2084 hoc
557 2045 643 2084 sensu
665 2025 843 2086 intellectam
867 2024 995 2083 sufficere
1015 2023 1051 2082 ad

97 2143 171 2201 opus
184 2123 267 2195 illud,
283 2127 313 2183 et
326 2143 395 2200 ergo
415 2143 475 2184 esse
496 2125 531 2184 dc
551 2125 608 2184 fide
623 2123 770 2185 (1111111111
789 2123 975 2184 necessariam
991 2143 1051 2183 esse

96 2222 222 2301 gratiam
236 2227 266 2284 11
278 2223 482 2284 illustrationis
494 2228 524 2285 ct
533 2224 739 2302 inspirationis.
985 2211 990 2222 ¹

136 2324 172 2381 ⁴⁶1
182 2325 226 2381 11.
249 2323 413 2383 Secundum
428 2325 582 2383 Pnrrvrnrr
597 2322 643 2402 (111
653 2343 737 2400 opere
748 2323 835 2382 citato
849 2343 945 2400 supra,
960 2342 989 2382 n.
1005 2321 1050 2392 17,

96 2442 119 2483 c.
137 2426 184 2496 10,
200 2442 230 2482 n.
250 2425 309 2500 12),
320 2427 389 2483 sunt
404 2429 423 2457 “
435 2424 596 2501 complures
607 2422 821 2484 Catholicorum
833 2421 1049 2497 theologorum”

96 2523 150 2601 qui
164 2523 266 2583 dicunt
279 2523 403 2600 gratiam
417 2524 630 2585 illuminantem
644 2543 695 2583 sen
709 2522 873 2582 intellectis
887 2522 976 2580 solam
990 2540 1052 2580 esse

97 2623 288 2685 necessariam
309 2627 345 2685 ad
365 2646 437 2703 opus
460 2625 593 2696 salutare,
609 2635 639 2684 et
652 2623 774 2700 gratiam
798 2623 905 2681 directe
929 2620 1052 2680 afficien-

98 2728 162 2785 tem
175 2725 365 2799 voluntatem‚
380 2725 434 2785 etsi
447 2725 532 2784 valde
555 2724 668 2794 utilem,
691 2743 749 2782 non
772 2743 833 2782 esse
854 2721 1050 2781 necessariam.

97 2823 173 2883 Dico
190 2829 209 2857 “
220 2824 327 2885 directe
344 2826 369 2884 :”
391 2824 422 2883 in
431 2825 485 2884 hoc
499 2825 577 2883 enim
588 2823 715 2899 theologi
729 2823 778 2883 isti
789 2843 805 2881 a
816 2821 1054 2898 semipelagianis

98 2922 277 2984 dissentiunt
290 2925 368 3002 quod
381 2924 480 2984 dicant
492 2925 586 3001 gratia
599 2922 784 2982 illuminante
804 2940 916 2998 semper
928 2921 1052 2980 mediate

98 3026 128 3082 et
153 3021 294 3083 indirecte
318 3025 399 3100 tangi
423 3023 612 3095 voluntatem,
639 3027 691 3082 aut
713 3023 934 3099 (consequenter
958 3021 1052 3080 dicere

98 3120 229 3198 debent),
255 3120 280 3180 ai
302 3139 361 3180 non
382 3123 519 3196 tangatur
541 3120 686 3193 voluntas,
709 3138 767 3177 non
790 3139 872 3196 posse
897 3137 957 3178 esse
981 3137 1052 3196 opus

98 3221 236 3280 salutare.
287 3221 361 3280 Haec
386 3219 530 3280 sententia
554 3218 626 3278 mihi
650 3219 766 3278 omnino
790 3219 865 3276 falsa
886 3221 915 3276 et
938 3237 1054 3294 prorsus

97 3321 256 3399 rejicienda
269 3341 329 3383 esse
343 3323 468 3382 videtur.
509 3321 539 3380 N
540 3340 577 3379 on
592 3319 685 3380 solnm
699 3319 785 3394 enim,
799 3319 860 3378 sine
874 3318 935 3376 ullo
948 3319 1053 3376 funda-

98 3424 206 3498 mento,
234 3420 569 3482 adversaturcommuni
603 3419 739 3480 doctrina
773 3419 978 3494 theologorum,
1005 3418 1055 3477 aed

100 3523 269 3581 adversatur
279 3523 362 3582 modo
372 3521 511 3599 loquendi
522 3539 609 3598 quem
619 3517 757 3578 adhibent
769 3523 797 3578 et
808 3519 908 3577 Patres
919 3522 948 3577 ct
959 3517 1054 3594 Scrip-

100 3624 183 3682 tura:
206 3621 358 3700 inquibus
380 3621 489 3700 ubique
513 3625 543 3682 11
566 3618 820 3680 indiscriminatim
844 3637 935 3677 sermo
958 3621 1002 3676 est
1022 3617 1057 3676 de

579 3723 596 3774 6
