2410 4318
12 471 137 524 mss.
158 447 244 544 vm]
308 447 364 522 De
377 445 626 522 Dz'strtlot'om
644 449 778 522 Graliae.
954 477 1013 545 ιιι

12 623 61 684 in
80 625 191 685 utero
205 619 535 694 mstsrnomorientium,
547 618 675 698 ipsisque
684 622 720 682 de
729 622 883 684 suffloienti
891 627 1017 688 remedio

13 723 232 802 providisse,
258 724 403 800 quotenus
425 719 538 780 soilioet
558 720 674 796 pererit
695 722 791 782 medie
813 723 966 800 exteriore,
981 731 1018 787 ut

17 828 117 885 sunt
133 826 329 895 seoroments,
352 841 391 881 ex
409 839 470 881 sese
491 819 637 879 salvandis
656 821 755 897 pueris
768 821 895 883 maxime
908 825 1016 886 suffiei-

19 924 132 988 entia
144 947 153 987 ι
181 943 307 1003 qumque
319 923 391 1002 ipsis
403 923 520 1000 possent
532 921 680 999 epplioeri,
695 921 753 982 nisi
765 924 914 986 obstarent
926 930 1013 989 oertae

21 1025 196 1105 quoedum
221 1044 315 1085 oeusm
335 1023 484 1084 naturales
507 1025 537 1082 et
553 1021 741 1096 neeessariae3
773 1041 898 1100 querum
922 1027 1012 1100 Deus,

23 1128 160 1204 utpote
170 1124 303 1203 provisor
315 1121 497 1194 universalis,
519 1120 580 1180 vim
590 1123 621 1182 ot
635 1120 766 1180 ordinem
778 1141 831 1200 per
842 1122 1016 1186 miraculum

23 1225 200 1302 impedire
217 1243 276 1284 non
294 1223 441 1283 tenetur.”
461 1223 505 1281 Ls
530 1222 632 1292 Fossu,
657 1221 678 1281 l.
701 1239 725 1280 o.
773 1221 848 1282 Haeo
872 1226 1017 1286 sententie

27 1344 110 1386 non
126 1324 228 1384 solum
238 1322 414 1401 probabilior
422 1321 472 1380 sed
480 1319 710 1398 probabilissime
717 1340 769 1382 seu
778 1323 926 1384 moraliter
934 1329 1012 1386 oerta

31 1443 114 1485 esse
127 1424 262 1483 videtur.
304 1421 412 1482 Censeo
432 1425 531 1479 temen
551 1418 728 1480 sententiam
746 1425 904 1494 nogentem
917 1423 1012 1484 sdhuo

32 1522 176 1584 omnino
200 1523 322 1582 liberam
343 1540 414 1590 esse,
437 1523 469 1580 et
489 1520 552 1578 sins
570 1518 633 1577 ulle
653 1537 775 1579 sensuro
789 1520 906 1580 defendi
919 1541 1010 1600 posse.

34 1625 164 1686 Censet
178 1623 291 1683 Susum
305 1621 340 1700 (l.
352 1640 377 1682 o.
386 1640 416 1679 n.
426 1619 459 1698 4)
474 1619 552 1697 quod
568 1623 587 1653 “
596 1619 830 1695 fortessemegne
842 1638 909 1696 pers
921 1621 1011 1698 hujus

35 1720 262 1784 controversie
286 1720 326 1782 sit
356 1720 389 1778 in
412 1719 496 1778 modo
522 1717 662 1796 loquendi
677 1717 704 1777 :⁵³
735 1718 813 1796 quod
831 1718 952 1781 definito
975 1722 1010 1780 de

36 1814 232 1894 Vsseunzro
263 1819 415 1881 sententie
444 1819 580 1894 negantis
611 1816 757 1896 proeoipuo
786 1823 1009 1898 propugnatore,

38 1924 156 1983 censet
167 1922 319 1996 Puerorum,
335 1920 372 1981 de
384 1919 455 1992 Deo,
470 1937 500 1981 n.
514 1922 583 1992 539,
593 1920 655 1980 not.
