2410 4318
164 419 228 482 270
531 393 733 464 DeGrclzc.
928 398 1032 486 [men.
1048 423 1125 467 vm.

163 565 253 626 situm
266 566 319 638 cst,
334 581 365 623 n.
382 566 429 638 14,
441 563 492 624 &c-
532 563 621 624 Nunc
635 563 710 642 quid
720 565 756 625 de
764 583 907 626 concursu
920 566 980 628 Dei
992 570 1128 646 particu-

160 667 217 726 lari
229 685 282 743 per
294 663 406 723 auxilia
427 663 530 739 gratiae
553 665 688 724 docuerit
708 666 918 744 exponendum
940 677 998 729 est.
1039 670 1131 730 Hanc
1203 712 1204 727 r

162 764 373 843 expositionem
392 757 495 823 auctor
514 763 578 840 ipse
600 785 618 823 a
638 765 667 825 d.
694 770 732 824 35
757 767 928 843 questionis
955 771 993 827 14
1013 769 1081 830 late
1100 775 1132 830 et

162 863 288 924 dilucide
300 864 485 942 prosequitur
498 864 602 942 (editio
623 883 682 942 qua
701 865 816 924 utimur
833 866 928 942 prima
941 873 998 940 est,
1014 869 1132 946 Olymi·

161 987 245 1046 pone,
272 970 382 1047 1588):
413 989 466 1028 uos
485 974 583 1028 autem
605 989 669 1029 eam
690 989 751 1030 non
773 991 929 1048 possumus
951 973 1015 1033 nisi
1034 975 1133 1034 forma

161 1071 247 1145 longe
259 1068 443 1128 contractiori
450 1069 599 1130 exhibere.

204 1173 252 1229 89.
274 1168 469 1228 “Asserimus
488 1168 601 1229 auxilia
619 1168 829 1246 praevenientis
846 1174 937 1250 atqua
954 1172 1133 1252 adjurantis

165 1268 275 1346 gratiae,
302 1287 368 1346 quae
390 1267 446 1345 laps
463 1269 613 1328 ordinaria
632 1268 799 1329 viatoribus
822 1271 1028 1346 conferuntur,
1052 1274 1134 1352 quod

164 1368 290 1428 efficacia
303 1374 355 1427 ant
367 1367 527 1427 inefficacia
540 1369 578 1427 ad
591 1369 807 1428 conversionem
821 1389 872 1429 seu
881 1371 1133 1448 justificationem

166 1467 232 1549 [vel
245 1469 282 1526 ad
295 1467 420 1545 quodvis
434 1487 508 1545 opus
526 1468 654 1528 salutare
673 1467 889 1549 praestandum]
910 1470 983 1544 sint,
1002 1473 1134 1550 pendere

166 1567 289 1627 alibero
302 1586 443 1626 consensu
462 1572 493 1627 et
511 1567 709 1645 cooperatione
731 1567 847 1628 arbitrii
859 1569 954 1629 nostri
967 1590 1040 1630 cum
1052 1571 1132 1644 illis;

167 1674 257 1746 atque
271 1669 340 1728 adeo
353 1668 386 1727 in
399 1669 492 1728 libera
507 1675 650 1746 potestate
667 1674 769 1730 nostra
789 1689 851 1730 esse
865 1670 913 1731 vel
932 1671 989 1731 1111
1002 1673 1134 1733 efficacia

167 1770 296 1841 reddere,
320 1769 525 1828 consentiendo
548 1775 579 1829 et
601 1771 778 1847 cooperando
805 1790 873 1829 oum
898 1770 961 1829 illis
986 1773 1026 1830 ad
1050 1780 1135 1832 actus

173 1871 280 1948 quibus
299 1869 336 1930 ad
352 1870 592 1948 justificationem
614 1871 804 1948 disponimur,
827 1871 876 1930 vel
895 1870 1064 1932 inefficacia
1082 1873 1133 1932 1111

171 1967 301 2038 reddere,
317 1967 491 2026 continendo
504 1986 674 2026 consensum
695 1973 726 2026 et
743 1966 976 2044 cooperationem
989 1975 1133 2036 nostram.

169 2066 333 2126 autetiam
357 2065 498 2126 eliciendo
521 2067 699 2126 contrarium
722 2067 916 2128 dissensum.'’
959 2068 1039 2128 Haec
1065 2073 1134 2128 sunt

170 2165 263 2242 ipsius
287 2167 420 2225 Momm
439 2169 528 2226 verba
554 2166 596 2244 (d.
619 2167 682 2244 38),
710 2166 743 2225 in
766 2165 873 2244 quibus
895 2165 1086 2244 principium
1104 2171 1134 2227 et

173 2286 292 2344 germen
304 2267 397 2327 totius
410 2268 474 2346 ejus
487 2267 653 2344 systematis
666 2267 840 2327 continetur.

213 2374 261 2430 90.
286 2371 326 2430 In
350 2370 405 2429 hoc
431 2374 588 2448 systemate
618 2369 659 2442 1⁰,
688 2369 782 2430 omnis
811 2369 908 2448 gratia
934 2388 1134 2450 quaecumque

174 2470 288 2530 homini
296 2471 383 2529 datm
393 2475 437 2529 est
446 2469 477 2528 in
489 2489 519 2528 se
532 2489 584 2528 seu
593 2469 749 2529 intrinsece
764 2469 866 2530 efficax
877 2471 999 2548 fflcacs'c
1012 2471 1134 2530 cr'rtstis

175 2591 224 2630 seu
247 2571 280 2630 in
299 2575 363 2629 actu
380 2571 497 2646 primo:
518 2571 589 2628 adeo
608 2576 645 2629 ut
667 2569 753 2629 homo
774 2569 939 2648 proximam
960 2574 992 2629 et
1012 2572 1135 2629 omnino

175 2672 341 2750 expeditam
354 2671 515 2750 potentiam
527 2671 634 2731 habeat
642 2671 677 2744 ei,
694 2671 812 2744 sivelit,
829 2671 969 2744 cedendi;
990 2676 1024 2731 et
1035 2672 1134 2730 nihilo

174 2775 231 2834 alio
254 2781 339 2852 egeat
355 2779 390 2835 ut
410 2775 438 2835 ei
461 2776 553 2835 cedat.
595 2775 627 2834 Si
640 2775 668 2834 ei
681 2776 773 2848 cedat,
796 2774 891 2851 gratia
908 2775 945 2833 fit
958 2775 1064 2834 efficax
1077 2776 1133 2850 effi·

177 2875 256 2934 cacia
270 2875 444 2935 coanecr'om'r
459 2897 511 2936 seu
524 2877 556 2934 ic
569 2881 634 2934 acto
646 2878 772 2936 secando.
807 2875 840 2934 si
853 2874 881 2934 ei
894 2875 1021 2948 resistat,
1037 2875 1134 2952 gratia

176 2976 212 3034 fit
224 2974 375 3035 inefficax:
399 2977 449 3036 sed
461 2977 525 3036 haec
538 2976 694 3036 inefficacia
703 2997 762 3035 non
775 2976 868 3053 ipsius
880 2976 983 3052 gratiae
994 2976 1133 3053 qualitati

177 3076 239 3135 ullo
252 3077 336 3134 modo
349 3077 502 3136 tribuenda
512 3084 565 3149 est,
576 3078 627 3136 sed
640 3078 695 3137 soli
704 3077 850 3138 voluntati
857 3077 993 3136 humanae
1006 3076 1132 3153 gratiam

178 3177 267 3238 libere
287 3177 443 3254 respuenti·
483 3177 559 3236 aliis
571 3178 676 3250 verbis,
697 3179 784 3238 homo
803 3176 906 3254 gratiae
926 3169 1006 3235 cedit
1018 3195 1080 3236 non
1095 3195 1132 3236 ex

179 3299 212 3339 eo
224 3279 302 3357 quod
315 3279 410 3356 gratia
428 3282 473 3340 est
484 3279 596 3352 efficax,
610 3280 660 3338 sed
673 3279 768 3356 gratia
780 3283 825 3338 est
837 3278 939 3338 efficax
952 3297 992 3337 cx
1005 3297 1041 3338 eo
1053 3276 1132 3356 quod

177 3381 263 3441 homo
277 3381 305 3440 ei
318 3381 403 3442 cedit.

221 3487 269 3542 91.
292 3481 333 3544 2⁸.
354 3483 435 3544 Hinc
458 3482 558 3543 “licet
573 3502 658 3544 nemo
674 3483 789 3543 credere
805 3480 896 3560 possit
907 3483 943 3540 nt
955 3482 994 3540 ad
1006 3479 1131 3541 salutem

182 3584 305 3656 oportet,
320 3580 378 3638 nisi
391 3581 587 3658 praeveniatur
600 3580 694 3658 gratia
707 3580 815 3652 divina,
836 3577 1032 3637 nihilominus
1045 3579 1131 3638 auxi·

182 3679 256 3740 lium
269 3681 372 3757 gratie
385 3701 445 3743 uon
461 3687 506 3744 est
518 3682 579 3744 sola
591 3687 622 3743 et
634 3682 749 3758 integra
761 3699 847 3742 causa
860 3679 938 3758 quod
950 3679 1022 3740 fidei
1035 3699 1130 3740 11111·
