2410 4314
80 404 236 492 n1sr.11.]
285 407 340 470 Da
354 405 505 471 Stolidus
521 407 691 472 Humana
706 409 860 474 Natura.
996 432 1035 493 33

120 575 194 632 ⁴⁶51.
215 572 315 650 Odject.
332 579 360 634 3.
386 575 561 633 “Naturam
574 593 676 650 puram
686 594 745 634 non
757 575 963 652 impossibilem
977 596 1038 636 esse

80 673 131 732 sed
155 676 223 732 actu
247 693 264 730 a
284 674 346 732 Deo
374 673 522 732 conditam
542 674 732 736 autumavit''
762 675 862 736 Baius.
904 677 981 754 Ergo
1002 679 1038 737 ab
1119 761 1121 766 Α

79 773 145 851 ejus
172 792 268 834 errore
293 793 410 851 prorsus
437 775 583 852 discrepat
616 776 762 837 sententia
789 778 888 838 altera.
950 779 1035 853 Idam,

82 873 155 932 ibid.

121 975 194 1034 ⁴⁶52.
215 975 297 1048 Raap.
316 974 399 1051 Nego
413 976 639 1047 antecedentem,
651 996 717 1054 quae
731 977 887 1038 falsissima
900 984 960 1051 est;
981 939 1036 1050 vel,
1108 1020 1110 1024 -

80 1079 116 1135 ut
128 1074 221 1152 magis
234 1078 333 1151 pateat
341 1079 482 1152 quantum
491 1075 539 1135 hic
547 1081 648 1136 auctor
662 1077 757 1137 verbis
770 1078 856 1152 ludit,
868 1078 1037 1155 Distinguo:

80 1178 224 1238 Naturam
237 1195 342 1252 puram
362 1195 394 1236 eo
414 1196 500 1238 sensu
520 1178 664 1237 conditam
685 1179 858 1253 autumavit,
874 1181 951 1257 quod
964 1180 1039 1239 dona

80 1278 138 1337 ista
150 1296 217 1355 quse
231 1296 330 1337 omnes
349 1277 492 1338 Catholici
505 1297 557 1354 pro
577 1280 845 1356 supernaturalibus
859 1285 889 1341 et
902 1281 1039 1341 indebitis

80 1379 199 1451 habent,
214 1377 265 1438 ille
282 1379 426 1438 naturalia
446 1383 477 1438 et
496 1379 594 1439 debita
610 1379 699 1441 fecit:
722 1379 872 1441 Concedo:
897 1380 1038 1442 Naturam

80 1498 186 1555 puram
199 1497 232 1538 ec
246 1497 333 1538 sensu
353 1498 410 1556 quo
424 1479 487 1539 haec
506 1479 616 1540 locutio
637 1481 673 1540 ab
693 1481 827 1540 omnibus
841 1482 991 1559 theologis,
1011 1487 1040 1543 et

82 1579 196 1656 abipso
212 1578 320 1651 Bertio,
335 1579 530 1656 intelligitur:
553 1582 645 1656 Nego.

123 1682 197 1743 ⁴⁶53.
216 1680 318 1757 object.
334 1687 362 1740 4.
379 1682 398 1740 J
401 1701 452 1740 ure
468 1682 595 1741 damnati
611 1686 680 1742 suut
691 1682 1039 1761 Baianisraeimpossibili-

84 1787 175 1842 tatem
188 1790 298 1840 nature
312 1801 392 1858 purae
407 1787 624 1858 propugnantes
640 1791 658 1816 ‘⁴
668 1803 705 1842 ex
719 1784 852 1844 haeretico
867 1805 1041 1862 erroneoque

85 1881 238 1962 principio,
264 1882 341 1961 quod
359 1882 522 1959 integritas,
549 1883 686 1944 sanctitas
707 1889 736 1944 et
755 1885 905 1962 originalis
924 1887 1042 1964 justitia

87 1983 128 2043 sit
159 1982 300 2044 naturalis
331 1983 467 2055 conditio,
496 1988 607 2044 ncturae
639 1987 798 2063 proprietas
829 1993 859 2047 et
890 1987 1043 2047 creationis

87 2084 221 2163 sequela:
264 2088 406 2146 nostrates
436 2105 505 2145 vero
540 2105 577 2146 ex
608 2086 752 2165 principio
788 2089 926 2166 opposito,
965 2089 1043 2166 quod

86 2184 224 2245 rationali
247 2188 382 2246 creaturae
410 2185 586 2246 constitutus
610 2186 649 2245 sit
670 2187 737 2247 finis
760 2187 987 2264 supernaturalis
1014 2191 1044 2247 et

88 2287 232 2348 excedens
249 2290 360 2347 naturae
379 2287 524 2359 ordinem3
553 2287 674 2365 ideoque
693 2288 720 2348 ei
744 2289 843 2349 divina
860 2290 1045 2350 Providentia

88 2388 167 2448 nulli
188 2387 332 2465 denegans
355 2388 451 2449 media
470 2389 506 2447 cd
531 2390 761 2449 consecutionem
785 2391 853 2449 finis
877 2393 1042 2467 necessaria,

89 2490 264 2550 conferenda
281 2489 399 2550 duxerit
417 2489 530 2549 auxilia
550 2491 790 2568 supernaturalia,
811 2511 875 2568 quae
894 2513 988 2569 neque
1008 2514 1046 2552 cx

88 2590 242 2669 principiis
273 2594 385 2650 natura
418 2589 562 2661 oriuntur,
590 2611 685 2668 neque
713 2595 845 2669 spectant
871 2593 908 2650 ad
934 2597 1046 2654 natnrae

89 2693 290 2772 proprietates,
319 2713 414 2770 neque
442 2697 576 2752 naturam
597 2693 719 2770 ejusque
747 2692 919 2752 creationem
948 2714 1046 2754 couse-

89 2793 252 2873 quuntur.’'
296 2795 379 2866 Idam,
399 2793 520 2852 Dissert.
535 2799 562 2866 2,
577 2814 601 2852 o.
620 2799 645 2866 l,
662 2793 677 2873 ἓ
694 2799 720 2867 4,
737 2814 767 2854 u.
782 2793 809 2856 6.

131 2899 204 2955 ⁴⁶54.
226 2899 308 2971 Rocp.
333 2897 378 2955 Eu
394 2900 538 2973 quantum
552 2896 659 2955 iterum
673 2897 768 2955 verbis
786 2897 870 2971 ludit,
886 2918 936 2957 scu
950 2899 1049 2975 potius

90 2999 149 3059 sibi
163 3005 261 3076 aperte
283 2998 462 3070 contradicit,
480 3002 510 3057 et
529 2997 570 3057 sic
589 2999 699 3074 agendo
717 3001 802 3075 plane
821 3002 947 3060 ostendit
967 3022 1047 3060 suam

89 3100 251 3161 doctrinam
260 3119 317 3158 nou
326 3119 565 3176 posseccensura
575 3100 734 3159 Baianismi
744 3101 895 3162 vindicari.
919 3103 1048 3169 Quaestio

91 3205 172 3266 enim
190 3223 248 3262 non
272 3205 325 3276 est,
350 3222 396 3276 au,
423 3201 449 3260 si
473 3201 552 3261 Deus
577 3202 712 3262 rationali
733 3209 871 3264 creaturae
892 3206 1049 3266 constituat

91 3310 180 3366 finem
208 3303 465 3382 supernaturalem,
497 3324 548 3362 sua
579 3305 762 3381 providentia
789 3310 922 3366 tenemur
954 3308 1049 3366 modia

91 3409 130 3468 ad
148 3408 237 3466 istum
251 3407 339 3465 finem
355 3405 565 3482 assequendum
583 3405 752 3479 necessaria,
768 3407 815 3468 i.e.
832 3408 927 3467 modia
948 3429 1046 3485 super-

91 3507 248 3579 naturalia,
264 3506 389 3584 elsrgiri.
431 3504 539 3566 Nullus
554 3509 631 3566 enim
646 3527 775 3585 uuquam
788 3509 841 3567 hoc
855 3509 980 3585 negavit,
998 3515 1049 3568 aut

92 3611 184 3671 etiam
210 3610 241 3667 iu
264 3606 387 3667 dubium
413 3607 568 3667 revocavit.
613 3608 670 3668 Sed
688 3609 809 3685 quaestio
833 3615 877 3668 est
895 3630 931 3668 an
954 3617 1049 3686 posset

92 3714 176 3772 Deus
203 3712 362 3770 creaturam
390 3707 568 3781 rationalem,
597 3728 658 3785 ag.
690 3709 844 3783 hominem,
872 3711 992 3771 condere
1019 3711 1050 3770 in

554 3809 596 3867 gra
