2424 4300
184 403 243 466 174
547 384 602 450 De
616 382 747 452 Gratata.
985 386 1095 475 [mse.
1109 408 1154 451 vr.

176 552 278 623 facere,
295 551 438 610 afortiori
461 551 557 627 potuit
577 552 595 610 J
598 553 697 610 udaeus
719 554 773 611 sub
797 555 894 612 reteri
909 555 990 630 lege,
1007 554 1082 631 ipsa
1094 555 1156 630 lege

176 652 346 712 {auxiliante
389 654 446 712 Sed
467 659 581 712 tontum
602 655 683 712 abest
696 661 730 712 ut
743 655 794 713 lex
815 656 987 733 adjuvaret,
1002 661 1045 714 ut
1061 675 1154 714 econ·
1205 687 1206 696 κ

177 757 263 816 trario
277 778 353 818 nova
366 763 440 818 esset
453 779 539 818 causa
553 758 664 834 peccati
674 766 745 816 :-“
758 760 821 818 Lex
848 759 931 818 enim
946 760 1031 818 iram
1055 781 1155 837 opera-
1205 793 1206 810 ι

177 858 262 918 tur:’'
288 864 307 892 “
319 859 382 916 Lex
406 861 503 916 antem
525 857 702 918 subintravit
723 863 757 916 ut
778 860 944 918 abundaret
969 860 1157 919 delictum.’'

178 958 261 1016 Rom.
278 958 317 1016 iv.
336 963 371 1016 15
383 980 390 1030 ;
412 978 440 1015 v.
457 963 504 1017 20.

217 1059 284 1114 ⁹⁶53.
299 1058 385 1133 Resp.
402 1057 575 1131 Distinguo:
593 1058 655 1116 Lex
666 1077 716 1132 per
731 1077 761 1115 se
772 1061 903 1133 spectata
918 1069 948 1117 et
959 1057 1028 1118 sine
1040 1060 1153 1135 gratia,

129 1224 132 1232 1
178 1161 263 1233 prout
277 1177 337 1214 eom
353 1157 401 1215 hic
416 1157 564 1233 spectabat
578 1157 734 1232 Apostolus
747 1157 790 1233 (d.
809 1160 855 1228 10,
874 1177 902 1217 u.
921 1162 970 1230 71,
991 1159 1078 1235 dte),
1096 1159 1155 1215 fuit

133 1301 136 1306 ·
177 1278 263 1316 causa
286 1258 414 1333 peccati:
442 1257 525 1332 Nego
558 1257 606 1316 vel
636 1257 728 1314 Esto:
762 1256 835 1315 Fuit
863 1256 978 1316 occasio
1007 1258 1148 1333 peceati:

178 1357 404 1432 Subdistingoo:
427 1359 469 1414 Eo
484 1376 569 1416 sensu
583 1357 670 1433 quod,
694 1355 755 1414 siue
775 1355 871 1431 gratia
884 1357 1077 1433 impossibile
1091 1358 1151 1416 fnit

177 1458 344 1522 hominibus
358 1461 447 1516 totam
458 1458 551 1532 legem
567 1455 843 1532 autprmceptaejus
856 1456 996 1531 graviora
1010 1477 1147 1520 servare:

178 1558 329 1617 Concedo:
350 1558 393 1616 Eo
408 1577 494 1616 sensu
516 1557 593 1634 quod
617 1556 756 1627 homines,
780 1555 842 1613 sine
856 1556 962 1629 gratia,
979 1576 1045 1616 non
1060 1563 1148 1634 potu·

178 1663 264 1718 erunt
278 1658 410 1735 qnaedam
423 1657 554 1734 ejusdem
568 1656 649 1731 legis,
676 1656 752 1714 sicut
775 1662 805 1714 et
822 1655 896 1730 legis
918 1657 1073 1716 naturalis
1098 1658 1148 1734 (do

178 1779 236 1836 qua
250 1760 309 1818 sola
322 1759 370 1816 hio
385 1757 506 1834 quaestio
517 1759 583 1836 est),
600 1755 700 1825 officia,
716 1776 820 1832 nempe
834 1755 975 1828 faciliora,
994 1757 1124 1834 exsequi
1138 1778 1145 1812 :

176 1860 206 1918 N
207 1879 269 1935 ego.
312 1858 340 1918 S.
355 1858 464 1917 Paulas
477 1857 525 1915 hic
538 1855 669 1933 loquitur
683 1856 719 1914 ad
733 1859 860 1914 mentem
880 1855 900 1912 J
901 1856 1057 1914 udaeorum
1073 1876 1142 1915 coo·

178 1979 335 2031 versorum,
347 1978 424 2036 quos
444 1957 476 2016 in
499 1958 553 2016 hac
575 1957 696 2032 epistola
719 1955 882 2032 impugnat,
905 1955 957 2032 qui
978 1956 1140 2032 quemdam

178 2059 305 2118 valorem
327 2057 358 2116 in
379 2058 444 2134 ipsa
466 2057 540 2132 lege,
566 2076 617 2132 per
631 2076 661 2114 se
675 2061 705 2115 et
716 2055 836 2132 praecisa
856 2054 961 2131 gratia,
976 2057 1137 2131 ponebant,

177 2163 212 2218 ut
235 2159 297 2218 loco
321 2158 408 2217 citato
430 2157 586 2216 videbitur.
629 2156 695 2214 Non
717 2159 812 2214 tamen
836 2174 869 2214 eo
890 2154 977 2212 modo
1003 2154 1041 2212 de
1062 2155 1138 2212 facto

178 2259 246 2318 data
259 2263 311 2331 est,
329 2259 378 2317 scd
392 2277 457 2316 cum
479 2256 581 2332 gratiis
605 2255 768 2326 uberrimis,
794 2253 849 2312 etsi
870 2253 897 2311 ei
917 2272 977 2311 non
990 2254 1135 2330 propriis:

179 2367 213 2416 ut
237 2362 350 2418 constat
364 2377 401 2416 ex
414 2357 516 2414 moitis
538 2360 569 2413 et
587 2355 701 2428 magnis
723 2353 839 2425 sanctis,
856 2351 909 2429 qui
929 2351 984 2412 sub
999 2372 1035 2410 ea
1049 2352 1135 2410 floru-
1204 2345 1205 2372 ³

178 2467 273 2519 erunt.
316 2457 347 2518 Si
361 2477 428 2516 vero
442 2458 539 2532 plures
553 2456 583 2512 in
597 2459 714 2532 peccato
729 2453 851 2512 demersi
865 2457 943 2522 sunt,
959 2451 992 2510 id
1004 2472 1066 2510 non
1079 2453 1135 2510 fuit
1204 2471 1205 2484 ²

177 2579 215 2618 ex
230 2559 343 2618 defectu
358 2557 458 2633 gratim
474 2557 606 2632 proximo
617 2555 664 2613 vel
672 2557 781 2612 remote
795 2551 976 2622 sufficientis,
991 2553 1043 2610 sed
1057 2552 1131 2628 quia,

178 2659 255 2734 quod
270 2679 286 2716 a
299 2663 343 2717 tot
361 2656 530 2715 hominibus
552 2655 682 2732 quotidie
704 2654 748 2726 fit,
764 2652 866 2728 gratiis
889 2651 965 2710 male
989 2651 1038 2710 usi
1059 2659 1132 2710 sunt.

179 2761 323 2830 Ceterum,
339 2761 438 2816 utrum
458 2756 508 2816 lex
528 2755 581 2814 illa
600 2753 725 2831 positiva
738 2752 950 2830 quadamtenus
964 2750 1029 2810 sine
1043 2752 1132 2827 gratia

178 2857 285 2916 servari
294 2858 423 2934 potuerit
432 2876 468 2914 an
479 2875 546 2927 non,
563 2854 686 2932 quaestio
700 2858 744 2912 est
752 2852 808 2924 hic,
819 2855 854 2910 ut
863 2849 936 2923 dixi,
947 2850 985 2909 de
999 2851 1060 2910 sola
1071 2850 1131 2926 lege

178 2957 316 3015 naturali.

201 3075 202 3078 ¹
218 3061 265 3114 54.
293 3055 394 3131 Objcct.
411 3059 438 3114 5.
462 3060 480 3087 “
492 3055 582 3112 Omne
603 3057 700 3112 autem
722 3051 799 3128 quod
812 3069 871 3135 non
885 3053 929 3108 est
943 3069 982 3109 ex
996 3050 1055 3110 fide
1069 3071 1129 3128 pee-

178 3161 275 3214 catum
289 3153 361 3214 est.’'
385 3153 468 3211 Rom.
484 3152 544 3210 xiv.
561 3158 607 3210 23.
648 3153 687 3210 In
701 3151 813 3210 infideli
833 3149 950 3208 nullum
964 3169 1027 3210 esse
1042 3157 1131 3229 potest
1204 3133 1205 3155 ¹

178 3276 249 3334 opus
263 3275 300 3314 ex
311 3255 368 3314 fide
380 3276 386 3314 :
410 3273 476 3328 ergo
491 3252 588 3311 omnia
601 3253 626 3329 ej
632 3272 664 3310 us
678 3270 765 3327 opera
779 3255 847 3310 sunt
860 3253 986 3326 peccata.
1203 3275 1204 3326 q

201 3357 266 3414 “55.
295 3355 381 3430 Resp.
410 3351 566 3427 Distiogao
592 3371 696 3410 verum
724 3369 839 3409 sensum
866 3352 967 3408 textus
994 3368 1013 3408 a
1040 3349 1131 3408 falso:

179 3458 270 3516 Omne
285 3476 356 3532 opus
370 3455 449 3532 quod
469 3474 525 3512 non
541 3466 587 3512 est
601 3473 639 3512 ex
653 3453 709 3510 fide
735 3473 794 3529 qua
812 3472 932 3529 operans
954 3450 1050 3510 credit
1062 3452 1131 3510 illud

178 3574 250 3630 opus
263 3573 323 3612 esse
338 3552 463 3625 licitum,
486 3551 517 3609 id
538 3555 591 3622 est,
615 3569 699 3607 omne
720 3569 792 3625 opus
806 3550 884 3626 quod
898 3569 956 3607 nou
971 3560 1018 3607 est
1033 3569 1129 3608 sccun-

179 3654 247 3712 dum
263 3653 406 3711 dictamen
422 3651 613 3723 consoientiae,
626 3652 778 3726 peccatum
792 3654 852 3708 est:
876 3647 1027 3709 Concedo:
1052 3648 1129 3715 Quod
