2410 4314
167 423 187 480 4
543 395 598 460 Dc
616 395 747 462 Gratia.
970 397 1073 486 [msa.
1096 422 1118 467 1.

166 585 194 624 a.
212 585 238 640 g.
258 563 412 622 universus
425 562 474 622 hic
494 564 622 625 mundus
641 563 768 622 visibilis
778 583 786 636 ;
810 561 986 641 principium
1001 585 1060 642 quo
1074 567 1120 627 lric

165 664 292 724 mundus
306 663 418 740 regitur
442 666 472 724 et
493 663 667 734 ordinatum
690 666 740 723 &a
780 662 819 722 In
833 663 888 722 hcc
903 682 972 723 vero
990 668 1120 726 tractatu

164 769 269 825 catara
282 763 407 842 alicujus
421 762 497 823 entis
518 766 563 824 est
582 763 711 842 ejusdem
726 761 858 836 essentia,
873 761 892 821 i.
908 781 933 822 c.
950 764 1119 842 conjunctio

164 884 264 924 eorum
278 864 385 942 quibus
398 883 443 924 res
456 863 509 923 illa
528 863 561 923 in
581 883 633 923 suo
651 882 712 924 esso
733 861 934 934 constituitur,
950 883 1013 937 seu,
1029 864 1120 926 idest

165 965 240 1043 quod
255 968 307 1025 est.
349 964 399 1023 Ad
413 963 566 1023 essentiam
577 963 694 1041 quidem
708 983 725 1022 a
738 962 880 1040 theologis
893 967 923 1024 et
936 963 1120 1043 philosophis

164 1085 258 1125 novus
271 1063 389 1124 additur
411 1067 566 1141 conceptus
589 1066 623 1123 ut
645 1062 683 1123 sit
706 1065 828 1124 natura:
850 1047 956 1122 natura
970 1063 1050 1124 euim
1065 1066 1117 1124 ali·

164 1165 248 1243 cujus
262 1165 337 1225 entis
358 1165 402 1224 est
422 1163 447 1240 ej
452 1163 551 1222 usdem
565 1164 698 1235 essentia,
715 1166 862 1240 quatenus
874 1162 937 1222 hae
950 1167 995 1222 est
1007 1164 1117 1240 princi-

164 1263 245 1344 pium
259 1263 458 1342 operationum
472 1281 538 1341 quae
551 1283 604 1340 per
616 1263 694 1322 illud
707 1281 768 1336 eus,
791 1266 826 1322 ut
846 1281 963 1322 causan
976 1263 1117 1340 operatri-

163 1385 225 1425 cem
259 1368 312 1424 aut
337 1363 597 1438 instrumentalem,
626 1362 675 1424 vel
700 1362 779 1422 fiunt
816 1362 866 1422 vel
892 1361 957 1422 fieri
982 1367 1116 1440 possunt.

163 1466 277 1524 Natura
292 1463 359 1542 ergo
373 1463 499 1524 hominis
511 1463 587 1523 illud
611 1467 655 1524 est
676 1483 734 1542 quo
757 1463 845 1522 homo
858 1463 910 1534 fit;
944 1467 973 1522 et
992 1463 1116 1542 proinde

162 1585 220 1624 non
243 1565 369 1624 includit
391 1585 419 1625 v.
434 1584 462 1640 g.
478 1565 661 1624 sanctitatem
685 1567 736 1623 aut
758 1561 1016 1637 immortalitatem,
1044 1565 1115 1642 quia

160 1666 255 1738 homo,
271 1664 327 1724 etsi
340 1684 392 1724 neo
406 1660 523 1724 sanatus
536 1683 588 1724 nec
601 1663 782 1738 immortalis,
798 1683 866 1723 rere
879 1663 964 1723 homo
978 1668 1032 1724 est.

202 1771 229 1826 3.
252 1765 405 1826 Variarum
430 1764 674 1840 significationum
695 1783 767 1841 quas
791 1764 881 1822 habet
902 1783 960 1822 vox
983 1765 1115 1823 naturale

51 1884 58 1894 ·
160 1867 204 1924 ha
232 1870 301 1924 sunt
323 1864 485 1941 praecipuse.
538 1865 575 1922 10.
598 1865 738 1923 Naturale
765 1863 921 1940 aliquando
949 1864 1058 1922 dicitur
1081 1864 1114 1922 id

162 1985 245 2023 omne
260 1964 337 2040 quod
351 1965 439 2022 habet
461 1963 572 2040 aliquid
593 1965 628 2022 ab
649 1963 760 2040 origine
774 1983 825 2022 seu
839 1972 907 2022 ortu
922 1983 981 2036 suo,
998 1963 1060 2024 sive
1075 1965 1115 2023 ad

161 2065 254 2142 ipsam
267 2063 309 2122 rei
323 2066 457 2122 naturam
472 2063 631 2140 pertinens·
647 2066 708 2123 sive
733 2083 801 2123 non.
844 2063 909 2122 Hoc
931 2083 1018 2122 sensu
1039 2064 1114 2123 dici-

161 2184 228 2224 mur
250 2165 371 2244 (Ephes.
394 2164 426 2223 ii.
450 2164 481 2242 3)
512 2169 644 2224 “natura
670 2165 727 2224 filii
754 2163 838 2238 irae,''
867 2165 937 2242 quia
962 2165 1115 2226 nascimur

159 2269 276 2342 peceato
287 2263 406 2324 subditi.
429 2265 493 2324 Hoc
505 2285 590 2324 sensu
604 2265 661 2325 dici
675 2269 771 2344 potest
780 2265 927 2344 justitiam
941 2265 1112 2343 originalem

76 2426 80 2433 ,
159 2366 248 2425 faisse
275 2365 348 2424 Adae
375 2365 546 2425 naturalem.
595 2367 635 2426 2⁰.
657 2367 800 2426 Naturale
824 2367 980 2443 aliquando
1003 2367 1113 2427 dicitur
1194 2427 1195 2452 ἦ

161 2467 238 2544 quod
251 2465 414 2524 indebitum
429 2465 546 2543 quidem
561 2470 606 2525 est
629 2466 671 2546 (n.
690 2470 735 2536 ll,
753 2466 828 2544 dra),
853 2467 900 2526 sed
925 2469 1036 2527 natura
1050 2487 1112 2528 non

160 2567 244 2625 modo
257 2585 316 2626 non
330 2565 486 2644 opponitur
499 2585 601 2624 rerum
623 2565 710 2624 etiam
736 2567 762 2625 ei
787 2566 924 2626 convenit
942 2569 1031 2644 atque
1045 2587 1110 2628 eam

160 2667 289 2744 perficit;
311 2666 423 2724 sive'in
444 2665 544 2724 ordine
563 2667 702 2738 naturali,
728 2666 822 2744 qualis
845 2670 920 2726 esset
941 2666 972 2725 irr
991 2667 1110 2728 homine

158 2765 311 2842 integritas
335 2765 421 2840 ((1.2,
442 2783 472 2824 n.
495 2766 525 2842 7)
551 2765 612 2823 sine
634 2765 728 2841 gratia
750 2765 962 2838 sanctificante;
991 2766 1052 2826 sive
1077 2769 1109 2826 in

158 2866 257 2924 ordine
285 2865 507 2940 supernaturali,
538 2865 633 2942 qualis
654 2871 729 2923 esset
754 2867 855 2940 gratia.
904 2867 946 2926 30.
966 2867 1110 2927 Naturale

158 2964 314 3042 aliquando
329 2963 434 3021 dicitur
456 2964 534 3039 quod
555 2964 590 3022 fit
600 2965 759 3022 secuudum
773 2984 889 3022 cursum
904 2973 1015 3026 naturae
1030 2969 1109 3026 ordi·

156 3069 280 3137 narium,
295 3068 391 3140 idest,
415 3067 492 3144 quod
507 3087 566 3125 non
586 3074 630 3126 est
650 3067 863 3126 miraculosum.
905 3073 942 3128 4⁰.
963 3069 1107 3132 Naturale

156 3171 245 3230 alicui
267 3173 404 3229 creaturae
426 3167 580 3245 aliquando
605 3166 713 3225 dieitur
733 3166 764 3224 id
777 3151 872 3243 'eujus
895 3166 952 3226 ista
975 3174 1107 3230 creatura
1194 3211 1195 3228 r

156 3291 249 3347 capax
263 3274 307 3329 est
320 3267 414 3328 active
428 3271 480 3327 aut
492 3267 605 3346 passive
619 3264 845 3344 perpotentiam
867 3267 1105 3334 obedientialem:

155 3389 185 3430 n.
203 3375 230 3430 5.

195 3474 223 3528 4.
247 3469 288 3526 50.
309 3465 428 3544 Proprie
446 3486 523 3539 vero,
547 3469 577 3526 et
600 3468 687 3544 prout
700 3465 732 3524 in
748 3468 935 3544 sequentibus
956 3470 1103 3548 accipitur,

153 3569 288 3628 naturale
311 3568 342 3626 id
364 3568 485 3626 vocatur
506 3567 583 3643 quod
606 3569 651 3626 cst
670 3567 718 3626 vel
740 3567 804 3645 ipsa
826 3577 927 3628 natura
944 3572 984 3650 (n.
1000 3571 1041 3650 2),
1057 3573 1104 3632 vel

154 3669 321 3728 continetur
335 3667 367 3726 in
380 3668 494 3742 natura,
512 3667 560 3727 rel
575 3667 644 3728 fluit
664 3688 702 3728 ex
721 3667 871 3748 principiis
883 3673 1003 3745 natura,
1017 3673 1064 3734 rel
1078 3671 1104 3731 ei
