2410 4314
56 437 144 486 nisa.
162 415 228 502 rra]
277 417 333 482 De
351 414 472 483 Grata
487 414 648 482 elevante:
661 413 810 502 positive.
976 418 1016 496 63

58 585 146 644 modo
157 587 291 646 errarunt
314 583 383 643 clim
407 583 559 662 Pelagiani
581 587 611 644 et
634 579 867 660 semipelagiani,
891 581 1019 642 ethodie

58 691 161 748 errant
184 685 373 746 Naturalistae
396 689 426 751 et
449 686 501 746 alii
524 685 735 746 Rationalistae.
777 683 908 744 Secundo
931 683 1015 744 modo

58 790 197 850 errarunt
220 787 381 848 Novatores
403 791 433 848 et
456 789 639 848 qusenistae.
681 787 726 846 De
745 785 812 845 solis
826 784 970 864 prioribus
983 784 1015 844 in

56 890 114 950 hac
125 889 202 967 disp.
218 888 378 950 disseritur.

100 995 149 1052 10.
169 989 196 1048 I.
219 989 454 1067 Pelopiom'amoe.
496 989 676 1068 Scriptorum
700 987 814 1064 Pelagii
832 1006 889 1046 uon
915 991 1017 1048 exmnt

56 1091 148 1152 hodie
169 1090 227 1150 nisi
244 1091 406 1169 fragmenta
429 1092 569 1170 quaedam.
612 1094 640 1150 A
661 1088 819 1151 (iatholieis
838 1088 1017 1166 argumentis

55 1211 187 1270 pressus,
210 1211 269 1252 uon
290 1193 379 1254 semel
400 1177 481 1254 suam
503 1193 664 1254 doctrinam
687 1191 812 1269 primam
834 1190 1017 1268 aliquatenus

56 1293 191 1357 mutavit
205 1296 235 1353 ct
247 1295 343 1354 verbis
367 1293 502 1372 captiosis
523 1292 715 1371 temperavit:
738 1312 803 1369 quaa
825 1292 921 1351 omnia
935 1312 972 1350 ex
986 1292 1016 1352 S.

56 1393 229 1472 Augustino
263 1395 426 1472 praesertim
459 1395 626 1456 deducenda
653 1399 730 1453 sunt.
787 1393 947 1470 Sequentia
979 1412 1018 1452 ex

57 1498 201 1556 Aurorae
215 1497 341 1568 desumo,
352 1497 403 1575 qui
417 1497 449 1554 in
463 1497 635 1557 haehaeresi
649 1497 809 1556 enarranda
822 1496 917 1556 clarus
930 1495 1016 1554 simul

57 1603 89 1659 et
103 1598 201 1660 brevis
215 1602 259 1659 est
273 1599 311 1676 (e.
330 1603 355 1659 1.
370 1619 395 1658 a.
414 1599 444 1676 1)
456 1619 504 1658 ι-
1075 1587 1076 1590 “

114 1702 160 1758 ll.
200 1698 342 1774 “Pelagii
375 1698 509 1758 hoeresim
539 1700 575 1758 cd
606 1699 668 1758 haec
691 1699 747 1757 duo
775 1697 871 1775 capito
898 1716 1017 1772 genera·

57 1797 114 1858 tirn
129 1801 246 1858 revocat
260 1799 289 1858 S.
305 1797 498 1874 Augustinus,
515 1819 618 1876 nempe
633 1801 710 1876 quod
727 1800 848 1874 negaret
867 1798 1017 1874 peccatum

57 1897 202 1976 originale
218 1897 329 1979 [supra
344 1899 372 1958 d.
388 1901 461 1972 2,·n.
479 1898 541 1980 13],
557 1905 587 1960 et
600 1901 800 1960 necessitatem
821 1897 921 1974 gratiae
936 1903 1017 1958 aetu-

57 2001 125 2073 alis,
149 1998 303 2070 interioris,
328 1999 532 2077 praevenientis
556 2001 593 2060 ad
615 2000 764 2079 quodlibet
786 2019 857 2077 opus
881 1999 1015 2071 salutare,

59 2120 129 2180 quae
144 2100 234 2177 gratis
248 2101 374 2162 deretur.
417 2103 474 2163 Sed
497 2107 531 2162 ut
555 2093 784 2179 Pelagiabismus
805 2102 881 2162 circa
894 2099 1017 2178 gratiam

59 2202 170 2264 melius
183 2202 352 2276 innotescat,
368 2203 393 2262 is
407 2203 438 2262 iu
451 2208 576 2282 quatuor
590 2209 682 2265 status
696 2203 921 2281 distinguendus
935 2204 987 2261 est.

106 2308 151 2362 12.
175 2304 215 2364 10.
239 2303 384 2364 “Primus
407 2309 499 2366 status
520 2309 573 2379 est,
596 2305 628 2364 in
652 2326 709 2384 quo
733 2303 890 2382 Pelagiani,
914 2301 1017 2362 omisso

59 2405 179 2464 nomine
201 2405 311 2482 gratiae,
337 2407 498 2467 docuerunt
524 2399 677 2468 naturales
692 2405 768 2467 vires
791 2405 876 2465 liberi
904 2402 1017 2462 arbitrii

58 2505 191 2566 sufficere
213 2506 250 2565 ad
274 2508 415 2567 curanda
438 2507 535 2567 omnia
548 2507 693 2579 mandata,
710 2506 886 2584 superandas
900 2503 1017 2580 quasvis

58 2606 244 2681 tentationes,
263 2609 425 2685 praestanda
446 2629 532 2687 opera
556 2609 685 2669 omnium
709 2610 863 2678 virtutum,
883 2610 913 2666 et
940 2625 1015 2664 asse·

59 2707 208 2783 quendam
231 2713 367 2769 aeternam
391 2711 526 2772 salutem.
578 2712 696 2771 Constat
721 2731 758 2772 ax
783 2712 813 2770 S.
838 2707 1014 2783 Augustino,

60 2808 154 2867 Serm.
173 2811 218 2881 ll,
235 2811 280 2868 De
293 2809 397 2869 Verbis
412 2811 545 2888 Apostoli
549 2855 679 2871 .....

108 2913 149 2967 13.
173 2912 213 2969 2⁰.
237 2913 417 2971 “Secundus
436 2917 528 2972 status
542 2918 594 2986 est,
611 2913 643 2971 in
657 2932 715 2990 quo
729 2911 887 2988 Pelagium,
912 2911 947 2970 ad
966 2910 1015 2968 de·

60 3007 210 3084 cipiendos
234 3010 406 3084 Catholicae,
431 3016 462 3070 et
481 3012 630 3071 uitandam
648 3030 748 3070 eorum
771 3012 956 3072 offensionem
985 3029 1018 3067 ac

59 3108 1017 3188 haeresisuotam,nomengratieeadmiserunt—liberumarbitrium

60 3209 234 3286 appellando
245 3211 376 3287 gratiam,
390 3231 423 3272 eo
432 3213 510 3289 quod
521 3213 632 3272 seilicet
645 3213 734 3290 gratis
745 3213 840 3286 aDac,
854 3212 1016 3271 nullisnos-

60 3309 115 3367 tris
130 3311 360 3386 praecedentibus
373 3313 494 3385 meritis,
519 3313 603 3372 nobis
626 3313 658 3372 in
672 3313 816 3373 creatione
836 3313 1016 3372 concedatur.

60 3409 227 3469 Constatcx
238 3410 266 3471 S.
279 3411 451 3487 Augustino,
465 3413 614 3486 Serm.ll‚
624 3413 668 3471 De
679 3412 783 3472 Verbis
797 3411 928 3489 Apostoli
932 3451 1014 3471 .....

104 3512 150 3568 14.
174 3509 216 3570 30.
241 3516 260 3546 “
272 3510 388 3572 Tertius
402 3515 495 3571 status
505 3515 549 3573 est
561 3512 595 3584 is,
606 3511 636 3570 in
652 3531 709 3590 quo
720 3511 870 3587 Pelagiani
883 3532 900 3570 a
912 3510 1015 3570 Catho-

59 3607 126 3667 licis
152 3609 307 3686 objurgati,
335 3611 413 3688 quod
440 3611 552 3670 nullum
578 3615 684 3689 prater
710 3610 834 3670 liberum
862 3609 1015 3670 arbitrium

59 3707 249 3770 admitterent
274 3711 407 3788 gratiam,
435 3730 544 3772 novum
577 3711 680 3789 gratia
705 3729 796 3787 genus
825 3712 1013 3787 agnoverunt,
