2408 4304
50 437 166 483 msr.
185 417 247 504 xa]
340 416 395 482 Dr
408 417 672 503 Proprr‘rlatz'bus
689 418 838 508 Jastrfic.
970 441 1030 508 391

56 583 194 644 Paulus
208 583 330 660 gratiam
353 601 412 642 non
435 583 567 644 omnibus
590 585 713 644 conferri
735 585 886 663 aequalem,
909 586 959 645 sed
972 605 1034 645 ma·

55 685 76 763 j
83 704 176 744 orem
202 686 251 744 vel
286 685 435 758 minorem,
474 686 631 745 secuudum
668 705 832 746 mensuram
870 687 1033 748 donationis

62 785 204 858 Christi,
228 786 334 858 idest,
360 786 517 846 secundum
550 789 788 848 voluntatemne
812 788 1035 848 occultissimam

62 885 225 945 rationem
238 885 427 962 providentia
441 887 532 964 ejus’'
574 887 694 961 Susam,
706 888 726 946 1.
742 907 765 948 c.
780 905 810 948 n.
824 893 850 961 5,
863 888 915 966 qui
927 889 1035 948 ibidem

67 983 275 1062 objectionem
289 987 442 1063 quemdam
463 1005 528 1063 quae
542 990 641 1046 contra
653 988 708 1060 hoc
721 993 926 1064 argumentum
940 987 1037 1049 afferri

69 1087 183 1162 posset
195 1084 323 1145 dilucide
337 1085 433 1145 solvit.

131 1173 182 1244 29.
211 1187 423 1254 Aaeusnsrmr
449 1186 493 1244 II.
526 1185 705 1246 “Justcrum
732 1187 843 1260 semita,
873 1188 956 1264 quasi
981 1187 1037 1246 lux

73 1283 248 1360 splendens,
274 1285 404 1361 procedit
424 1287 455 1344 et
478 1283 579 1344 crescit
598 1305 691 1364 usque
704 1287 741 1344 ad
753 1287 916 1363 perfectum
929 1286 1035 1348 diem.’'

74 1385 222 1444 Proverb.
246 1383 287 1444 iv.
313 1389 359 1444 18.
409 1389 428 1420 “
441 1382 558 1456 Semita,
581 1385 611 1444 id
640 1390 693 1457 est,
722 1387 785 1445 vita
808 1391 838 1447 ei
859 1386 1037 1447 conversatio

78 1486 186 1542 sancta
206 1483 353 1561 justorum
366 1486 411 1543 est
424 1485 508 1561 quasi
521 1503 631 1557 aurora,
654 1486 703 1543 vel
715 1485 819 1545 lucifer
838 1486 939 1546 lucens
952 1505 1037 1545 mun·

79 1584 215 1660 dumque
228 1583 405 1642 illuminans.
447 1583 617 1643 sicutenim
629 1584 685 1642 lux
699 1603 808 1644 aurorae
822 1585 928 1644 sensim
940 1585 1037 1646 inten-

82 1683 176 1755 ditur,
192 1686 222 1742 et
235 1683 338 1742 crescit
354 1702 445 1760 usque
459 1683 496 1742 ad
506 1683 668 1760 perfectum
682 1683 768 1754 diem,
784 1684 815 1742 id
828 1689 880 1757 est,
896 1703 988 1761 usque
1002 1685 1039 1744 ad

83 1780 247 1852 meridiem,
265 1781 377 1858 inqua,
398 1783 534 1840 discussis
556 1782 688 1841 omnibus
711 1782 826 1840 nebulis
849 1786 879 1842 et
899 1782 1035 1856 tenebris,

86 1899 184 1954 aurea,
201 1881 277 1940 clara
289 1881 433 1958 plenaque
446 1881 501 1939 lux
514 1885 573 1940 toto
583 1881 776 1958 hemisphaoro
795 1882 977 1958 resplendet3
998 1881 1039 1941 sic

87 1980 198 2058 pariter
205 1985 235 2040 et
240 1981 253 2058 j
257 1985 389 2039 ustorum
391 1981 403 2058 j
408 1981 509 2040 ustitia
516 1985 546 2040 et
556 1980 693 2040 sanctitas
704 1980 809 2039 sensim
818 1981 928 2051 crescit,
936 1981 1035 2053 donec,

92 2079 241 2156 dissipatis
262 2079 395 2138 omnibus
414 2079 584 2156 ignorantiae
606 2085 636 2138 et
658 2080 897 2157 concupiscentiae
911 2081 1035 2154 nebulis,

87 2180 155 2258 ipsa
177 2199 251 2257 pura
273 2180 415 2257 plenaque
436 2180 698 2257 refulgeat-quod
718 2181 851 2242 inchoate
872 2182 908 2240 fit
930 2181 963 2240 in
983 2178 1038 2242 hoo

89 2279 159 2350 vita,
174 2281 301 2356 perfecte
314 2299 381 2339 vero
401 2279 434 2339 in
456 2281 538 2353 coelo,
555 2280 606 2340 ubi
624 2281 749 2358 amplius
772 2299 898 2356 crescere
910 2299 969 2342 non
986 2301 1038 2360 po·

86 2378 182 2439 terit.'’
222 2382 259 2438 A.
274 2379 344 2439 Lar.
358 2381 389 2440 in
402 2381 457 2440 loo.

132 2479 367 2544 Haesufficiant.
410 2486 429 2514 ‘⁸
439 2479 643 2548 Difficultates,
659 2497 724 2556 qua
737 2478 786 2538 hic
799 2477 897 2555 urgeri
910 2482 1036 2555 possent,

91 2579 154 2657 jam
176 2583 365 2657 preocupatae
387 2579 507 2639 suntin
528 2578 730 2656 propositione,
758 2597 818 2654 qua
838 2577 1037 2637 adstruximus

92 2697 203 2739 causam
229 2677 380 2738 formalem
399 2677 617 2757 justificationis
635 2697 698 2738 esse
715 2677 798 2737 nobis
810 2677 993 2738 intrinsecam
1008 2682 1039 2739 et

91 2777 308 2838 inherentam.’'
323 2780 513 2850 Pandoram.
528 2783 595 2844 599.

145 3035 202 3118 §d
223 3036 366 3098 Probatur
390 3037 529 3098 Doctrina
551 3037 695 3098 Gattotiaa
717 3037 749 3096 da
771 3036 985 3100 Acisalitae

495 3143 629 3203 ‚saraia

136 3305 180 3362 30.
201 3301 371 3362 Psorosmm
385 3302 449 3363 III.
474 3302 579 3364 Gratia
598 3311 635 3362 est
655 3301 834 3362 amissibilis:
855 3322 909 3372 aaa,
918 3305 1038 3379 jactare

91 3401 204 3480 justitia
217 3402 339 3462 arridere
352 3407 452 3480 potest,
468 3421 571 3478 nempe,
587 3403 754 3462 adrattteado
762 3411 902 3478 porratam
912 3404 1036 3464 mortalr.

134 3566 177 3624 31.
197 3562 371 3640 Araamrata
393 3581 424 3622 aa
446 3560 486 3626 S..
503 3561 664 3639 Sareptara.
715 3561 926 3626 Aacunsarmr
949 3562 976 3622 I.
1007 3561 1040 3622 Si

96 3662 182 3744 gratia
195 3663 234 3724 sit
246 3662 452 3736 inamissibilis,
468 3683 535 3740 ergo
548 3663 624 3722 nulli
640 3663 722 3741 justo
742 3662 903 3724 timendum
916 3664 1009 3723 estne
1022 3679 1040 3722 a
