2402 4292
62 359 273 447 n1s12.v1u.]
310 361 490 428 Concordia
507 359 634 429 Grctz'co
647 362 882 434 cth'bcrtaot's.
968 375 1028 449 283

69 528 172 587 etiam
191 527 224 587 in
242 528 342 589 eodem
361 531 478 608 peccato
501 530 719 592 habituatorum
745 537 777 595 et
799 533 1033 595 recidivorum-

68 629 195 708 excipe,
208 629 322 703 sinclis,
333 632 489 691 obcaecatos
503 636 533 693 et
546 633 656 711 eosqui
670 633 785 694 nomine
801 639 916 696 tantum
925 635 1031 694 (latho-

70 730 131 789 liei
158 734 236 790 sunt.
278 730 465 791 Tentationes
490 733 622 809 quotidie
649 734 780 794 sentiunt
805 735 953 812 grammes
979 738 1031 793 aut

68 829 212 901 leviores,
234 848 339 907 easque
351 831 399 892 vel
418 837 556 908 superant
569 833 618 892 vel
637 834 674 892 ab
691 833 733 892 eis
749 839 939 912 superantur:
961 853 1033 914 quo·

70 930 153 990 tidie
167 934 199 991 et
212 931 321 1008 saepius
340 931 373 991 in
393 933 449 1005 die,
471 940 501 992 et
514 953 573 993 non
592 935 678 1011 pauci
699 935 807 996 centies
820 937 853 996 in
866 937 913 996 die
931 941 961 996 et
973 937 1031 995 fre-

71 1031 220 1109 quentius
243 1031 346 1104 adhuc,
372 1032 499 1092 motibus
525 1033 627 1109 gretia
653 1033 825 1107 incitantur,
854 1035 954 1112 eisque
982 1039 1034 1094 aut

73 1131 193 1191 cedunt
213 1115 265 1190 aut
277 1130 425 1205 resistunt,
441 1132 488 1191 vel
501 1133 619 1210 penitus
637 1135 685 1193 vel
705 1135 771 1212 plus
785 1134 883 1194 minus
899 1154 906 1194 :
928 1133 1035 1211 saepius

75 1231 209 1291 audiunt
228 1231 378 1291 conciones
398 1231 434 1291 de
453 1232 558 1309 gretia,
579 1233 616 1292 de
636 1233 820 1293 conversione
840 1237 1032 1311 peccatorum,

77 1339 132 1396 &c
147 1335 251 1412 legunt
264 1335 362 1410 libros,
386 1335 524 1415 capitula,
546 1337 758 1410 meditationes,
775 1339 825 1396 dcc.
841 1337 929 1396 variis
941 1338 1034 1396 modis

76 1439 117 1496 de
131 1435 226 1512 gratia
238 1439 405 1496 tractantes.
447 1439 514 1495 Uno
527 1437 625 1511 verbo,
646 1437 803 1496 necessitas
817 1437 930 1512 grntiae,
945 1437 990 1496 vis
1005 1441 1036 1497 et

78 1536 211 1597 efficacia
223 1536 333 1612 gratiae,
355 1536 559 1614 quodcumque
579 1537 696 1596 demum
716 1536 860 1596 ordinarie
874 1539 986 1614 spectat
999 1537 1035 1595 ad

79 1635 321 1697 distributionem
340 1635 442 1711 gratita
456 1635 577 1713 ejusque
595 1635 695 1694 modos
708 1636 846 1712 operandi
861 1641 891 1694 et
904 1635 1032 1707 effectus,

79 1738 117 1796 in
131 1737 322 1813 cogitationes
333 1736 465 1796 fidelium
478 1737 548 1796 adeo
557 1737 725 1814 frequenter
738 1735 893 1814 pervitam
902 1735 1033 1808 veniunt,

79 1840 187 1896 utnon
195 1836 306 1914 possint
314 1836 528 1895 nonhebcrede
536 1836 590 1894 hac
599 1836 722 1896 materia
726 1836 870 1914 judicium
880 1835 1034 1913 quoddam,

82 1938 160 1997 rude
173 1938 278 2010 forsan,
296 1937 347 1996 sed
360 1937 476 1996 sibimet
489 1937 560 2013 ipsis
573 1937 683 1997 clarum
697 1938 814 1997 omnino
828 1941 858 1998 et
871 1939 995 1997 firmum.

129 2039 197 2096 112.
220 2036 364 2110 Jamvero,
393 2035 419 2094 si
446 2055 494 2096 eos
520 2035 648 2114 excipias
673 2037 727 2115 qui
753 2037 849 2098 studio
882 2036 1035 2112 theologice

85 2137 266 2198 scholastice
279 2137 477 2197 incubuerunt
489 2141 519 2196 et
532 2137 592 2214 qni,
608 2157 646 2198 ex
658 2137 844 2198 institutione
858 2157 917 2198 suae
932 2138 1036 2198 scholoe

86 2249 141 2304 aut
154 2243 211 2302 elio
224 2243 349 2321 quodam
362 2241 480 2302 influxu
498 2243 647 2320 peculiari,
669 2244 706 2303 ad
726 2243 959 2321 amplectendum
972 2260 1035 2320 sys-

87 2350 167 2404 tema
176 2341 385 2402 Themisticum
395 2341 702 2418 autAugnstinianum'
712 2342 830 2402 adducti
840 2347 918 2416 sunt,
934 2361 1036 2402 censeo

87 2440 122 2499 in
133 2439 245 2499 nullius
257 2457 397 2516 unquam,
412 2438 473 2499 sive
485 2437 582 2498 clerici
596 2437 657 2497 sive
670 2437 748 2511 laici,
762 2443 890 2498 mentem
903 2437 1038 2498 incidisse

88 2539 178 2600 etiam
190 2537 395 2616 cogitationem
409 2538 445 2598 de
457 2536 643 2616 premotione
656 2535 776 2614 physica
788 2537 837 2596 vel
850 2537 1039 2596 delectatione

91 2639 216 2712 victrici,
244 2643 383 2717 tanquam
409 2637 570 2698 necessaria
589 2641 631 2696 ·ut
657 2637 727 2708 ulla,
757 2637 852 2697 multo
878 2637 978 2696 minus
1005 2642 1040 2696 nt

93 2737 194 2811 omnis,
213 2737 306 2815 gretia
327 2757 414 2798 suum
433 2737 571 2797 sortiatur
592 2736 824 2796 effectum-nen
839 2735 902 2794 dico
919 2736 973 2794 sub
993 2736 1040 2794 his

94 2838 226 2900 terminis
246 2838 337 2916 (quod
350 2837 537 2897 manifestum
550 2835 618 2915 est),
640 2837 690 2896 scd
704 2837 799 2912 quoad
812 2854 883 2908 rem,
899 2853 1039 2912 quecum-

94 2959 150 3016 que
162 2938 254 3012 modo,
265 2956 449 3015 quecumque
463 2936 557 3014 speeie
570 2955 621 2995 seu
634 2936 707 3008 idea,
720 2953 903 3012 quocumque
913 2934 1037 3011 nomine.

96 3036 285 3111 Eeontrario‚
308 3055 408 3097 censeo
431 3035 461 3095 id
481 3034 611 3114 quodie
631 3038 786 3112 systemate
800 3034 931 3094 Moerum
951 3041 1040 3112 caput

96 3141 140 3198 est
156 3137 266 3214 (supra,
280 3155 311 3198 n.
327 3137 379 3214 89)
399 3135 528 3195 omnium
548 3135 695 3194 mentibus
714 3135 799 3212 quasi
818 3133 991 3193 naturaliter
1010 3139 1040 3192 ct

96 3237 130 3293 ut
142 3233 272 3294 doctrine
290 3233 368 3311 apud
388 3251 487 3292 omnes
505 3236 622 3309 recepta
634 3236 664 3291 et
678 3232 763 3290 obvie
782 3231 927 3290 insidere:
948 3230 991 3288 ita
1004 3239 1041 3288 ut

98 3333 220 3410 simplex
240 3337 271 3393 et
288 3332 356 3410 pius
374 3332 478 3405 fidelis,
500 3331 549 3392 cui
568 3331 663 3408 prima
675 3330 739 3390 vice
757 3330 889 3389 doctrina
910 3329 1043 3406 opposita

101 3435 314 3510 proponeretur,
342 3430 469 3491 maxime
494 3431 530 3490 de
556 3429 744 3508 premetione
770 3428 900 3506 physica,
930 3446 1044 3486 summa

100 3532 300 3594 incredulitate
313 3536 343 3594 et
355 3533 441 3593 etiam
449 3533 566 3592 horrore
579 3531 703 3608 quodam
714 3532 882 3590 afficeretur.
917 3528 1002 3588 Clara
1015 3537 1045 3587 et

103 3635 201 3714 gravia
214 3638 283 3696 sunt
295 3637 383 3697 verba
402 3634 495 3713 ipsius
507 3635 638 3694 Momnm
658 3633 700 3711 (q.
718 3637 763 3704 14,
779 3651 805 3692 a.
823 3635 870 3706 13,
885 3631 913 3690 d.
930 3631 983 3708 38)
997 3650 1047 3691 :-
