2424 4300
80 436 159 484 nise.
175 413 222 502 V.]
271 419 327 483 De
345 418 466 485 Gratiis
479 418 572 486 Med.
589 414 918 505 cissau—positure.
969 441 1026 505 137

78 585 112 642 ad
125 584 220 661 majus
233 585 342 644 bonum
351 587 465 659 tentati,
476 586 621 665 permittit
631 605 694 646 eam
702 605 817 647 manere
826 587 874 647 vel
887 587 1027 667 aliquam·

79 685 126 742 diu
137 684 184 744 vel
198 685 287 744 etiam
300 706 352 764 pro
372 688 457 764 longo
478 693 614 765 tempore.
656 688 782 747 Tantum
796 707 874 765 ergo,
889 689 970 749 abest
983 693 1026 762 ut,

79 803 128 859 per
149 785 285 844 victorias
316 791 475 864 reportatas
499 788 534 846 de
558 788 768 847 tentationibus
791 788 1028 866 praeoedentibus,

77 883 189 942 facilius
211 885 457 946 sustentationes
478 887 665 964 insequentes
697 888 820 960 vincere,
844 893 879 948 ut
901 909 939 948 ex
960 887 1030 966 ipsis

78 984 225 1044 conatibus
248 985 282 1043 ad
308 985 373 1044 illas
395 987 551 1046 vincendas
574 989 666 1064 nuptis
684 989 814 1065 (propter
834 988 1031 1066 rationesjam

77 1082 168 1161 datas)
182 1103 258 1143 nova
271 1086 308 1143 ad
321 1087 373 1144 has
387 1085 542 1147 vineendas
556 1087 708 1147 difficultas
722 1098 869 1165 exsurgat.

113 1182 179 1242 ⁴⁶42.
209 1186 332 1262 Urgetur
346 1191 371 1246 1.
392 1186 521 1266 Habitus
534 1187 605 1246 dant
617 1163 788 1247 facilitatem
798 1188 911 1265 agendi.
952 1188 1030 1264 Ergo

74 1280 176 1356 justus,
192 1285 253 1360 qui,
272 1283 324 1343 diu
347 1305 376 1345 se
399 1286 559 1346 exeroendo
582 1286 615 1346 in
637 1287 735 1364 eliqua
754 1287 874 1360 virtute,
896 1289 1029 1346 habitum

79 1380 153 1439 illius
175 1382 297 1442 virtutis
318 1384 414 1457 habet,
440 1385 557 1444 facilius
579 1406 714 1463 superare
738 1390 833 1463 potest
856 1387 1030 1447 tentationes

76 1484 209 1545 adversus
222 1487 308 1546 istam
321 1488 460 1549 virtutem
474 1509 481 1548 :
503 1495 532 1549 et
546 1490 587 1550 sio
601 1491 637 1550 de
652 1492 754 1550 ceteris
767 1490 937 1551 virtutibus.

115 1585 181 1645 ⁴⁵43.
202 1587 289 1664 Roap.
307 1589 347 1648 10.
368 1590 411 1649 Ut
423 1593 502 1649 reate
522 1596 552 1649 et
572 1590 689 1667 penitus
709 1590 922 1666 intelligeretur
937 1590 1030 1666 prima

77 1685 239 1762 propositio,
256 1689 400 1766 expositio
421 1689 491 1748 satis
511 1690 599 1765 longa
618 1689 778 1748 necessaria
793 1696 866 1748 esset
880 1691 915 1748 de
930 1689 1029 1747 discri-

77 1783 150 1845 mine
162 1785 239 1848 inter
252 1789 371 1849 habitus
384 1790 530 1849 naturales
543 1799 573 1848 et
583 1789 741 1866 acquisitos
755 1793 785 1848 et
798 1789 914 1848 habitus
928 1809 1028 1864 super-

77 1887 217 1947 naturales
232 1893 263 1948 et
276 1888 395 1960 infusos,
416 1888 493 1949 inter
511 1889 629 1949 habitus
644 1888 695 1966 qui
708 1888 834 1949 naturali
848 1888 1028 1946 inclinationi
1069 1885 1071 1890 ’

78 1985 200 2046 multum
223 1989 415 2048 adversantur
447 1989 496 2048 vel
519 1995 706 2067 opponuntur
736 1989 884 2048 habitibus
907 1989 975 2047 olim
997 1987 1029 2046 in

79 2084 173 2144 eodem
206 2088 323 2148 homine
351 2088 550 2148 'existentibus
579 2092 609 2148 et
638 2089 756 2148 habitus
789 2089 842 2166 qui
871 2088 943 2148 tales
971 2107 1029 2146 non

79 2189 151 2258 sunt,
179 2190 228 2249 &a
285 2189 343 2248 His
366 2189 458 2265 igitur
479 2188 688 2267 praetermissis,
714 2188 757 2262 2⁰,
773 2190 813 2248 Et
832 2189 885 2248 illa
904 2188 1030 2248 facilitas

79 2287 177 2357 egendi
191 2289 307 2348 tolleret
320 2290 460 2360 fomitem,
476 2291 525 2349 tro.
541 2289 584 2348 ita
603 2299 638 2348 ut
660 2293 754 2366 posset
770 2309 919 2366 nunquam
941 2289 1029 2348 etiam

79 2384 227 2448 venialiter
240 2407 380 2466 peooare:
401 2389 484 2465 Nego
501 2409 507 2448 :
529 2389 597 2448 Alio
611 2389 708 2466 aliquo
722 2407 826 2448 sensu:
849 2389 997 2448 Transeat.
1093 2462 1095 2468 Ι

114 2483 180 2546 *4⁴1.
208 2487 326 2565 (hydor
340 2492 368 2546 2.
391 2487 422 2547 si
445 2507 514 2547 vera
536 2487 575 2546 sit
596 2487 750 2564 responsio,
775 2507 805 2546 n.
828 2493 876 2559 40,
898 2493 945 2558 41,
961 2506 1028 2563 ergo

79 2599 128 2641 neo
141 2585 230 2644 etiam
244 2586 377 2645 mortalia
390 2586 441 2646 diu
451 2587 545 2646 vitare
559 2591 654 2665 potest
663 2587 771 2663 justus.

114 2684 180 2745 ⁴⁵45.
203 2689 286 2762 Respa
315 2686 494 2764 Distingno:
517 2687 550 2746 Si
572 2687 609 2744 ad
633 2686 752 2744 vitanda
775 2683 909 2743 mortalia
932 2683 1029 2744 omnia

76 2779 152 2856 justo
175 2802 235 2844 non
256 2787 400 2845 sufficiant
430 2787 543 2845 auxilia
564 2785 737 2856 eommunia,
763 2783 825 2843 sine
856 2784 1027 2861 privilegio:

80 2881 221 2946 Concedo:
245 2886 278 2946 si
292 2886 453 2946 sufficiant:
476 2887 577 2963 Nego:
601 2887 629 2945 d.
646 2887 673 2959 7,
688 2905 718 2945 n.
736 2887 802 2944 101.
843 2887 976 2962 Insuper,
992 2885 1028 2943 ad

78 2989 224 3056 peecatum
237 2987 359 3046 mortale
372 2985 532 3065 requiritur
551 3005 609 3046 non
630 2986 722 3046 solum
736 2986 832 3063 gravis
846 2983 966 3044 materia
980 2984 1027 3044 sed

80 3081 162 3145 etiam
176 3087 359 3148 advertentis
378 3087 465 3164 plena
478 3088 515 3146 ad
528 3106 645 3164 gravem
665 3087 808 3148 malitiam
829 3092 912 3147 aetus
925 3090 955 3146 et
967 3086 1027 3164 ple·

79 3187 476 3248 nuseonsensusvolnntatis
803 3185 805 3191 ’

116 3288 162 3342 46.
196 3287 297 3363 Otjsot.
322 3293 350 3346 4.
381 3287 459 3362 Ergo
481 3285 639 3346 absurdum
666 3289 710 3348 est
729 3283 908 3364 propositum
928 3286 1028 3346 efficax

80 3382 170 3443 omnia
179 3385 306 3445 venialia
318 3386 448 3458 vitandi;
470 3385 594 3444 absurda
604 3384 696 3445 oratio
717 3391 779 3446 Deo
792 3386 870 3445 faeta
883 3385 919 3444 ad
933 3385 1029 3444 omnia

80 3478 193 3545 vitanda
200 3507 207 3558 ;
229 3486 388 3574 absurdum
400 3488 511 3558 votum,
522 3486 600 3563 quod
613 3485 771 3545 emiserunt
784 3485 902 3562 quidam
917 3484 1027 3556 Sancti,

81 3581 171 3642 omnin
183 3585 303 3644 vitandi.

118 3681 162 3741 47.
183 3685 268 3761 Rssp.
303 3686 507 3762 “Distinguo:
537 3685 679 3745 Effaotive
709 3685 808 3744 efficax
838 3685 874 3742 ad
904 3682 1023 3760 longum
