2410 4314
94 413 181 460 msa.
196 392 248 478 rt]
296 395 351 458 De
365 393 516 461 Slali'bus
530 393 702 462 Helicone
713 396 867 462 Natura.
1001 419 1041 486 39

92 559 224 632 effectus,
238 559 256 618 i.
272 581 295 619 e.
310 581 348 620 ex
360 561 603 638 contemplatione
625 563 714 640 hujus
738 564 839 622 mundi
852 567 993 640 tanquam
1006 565 1042 623 ab

91 677 154 718 uno
167 659 228 718 Deo
249 661 441 737 omnipotenti
462 661 560 721 creati.
601 663 735 722 Jamvero
759 663 815 723 etsi
838 663 950 724 ratione
969 663 1042 724 bene

91 759 284 821 demonstrari
316 765 415 839 potest
447 761 606 823 existentia
639 763 694 822 Dei
730 764 875 836 creatoris,
904 763 940 822 de
966 763 1043 823 facto

89 863 193 919 tamen
206 861 332 938 cognitio
343 863 399 922 Dei
412 863 483 936 veri,
501 862 589 922 etiam
600 882 637 922 ex
647 863 823 923 revelatione
836 861 945 936 habita,
959 862 1044 940 lapsu

89 959 231 1035 temporis
244 959 277 1019 iu
293 961 425 1022 universo
439 963 499 1022 fere
513 981 616 1038 genere
629 963 756 1021 humano
767 961 918 1039 deperdita
926 961 1044 1032 est'nec

89 1058 151 1118 uisi
164 1079 215 1136 per
228 1061 436 1136 revelationem
451 1065 481 1122 et
494 1062 617 1138 gratiam
631 1061 700 1120 fidei
720 1062 867 1122 moraliter
880 1060 1045 1140 recuperari

89 1157 198 1234 potuit.
239 1159 386 1237 Loquitur
406 1181 473 1238 ergo
489 1161 519 1220 S.
533 1161 658 1219 Thomas
673 1161 708 1220 de
722 1161 887 1238 cognitione
901 1160 1045 1222 creatoris

88 1256 147 1316 hoo
162 1257 247 1318 modo
261 1263 435 1336 comparata.

46 1438 49 1444 Ι
131 1357 205 1416 ⁴⁶72.
226 1359 356 1417 Primum
372 1379 439 1435 ergo
453 1361 568 1418 textum
582 1357 623 1418 sic
638 1358 822 1436 interpretor.
858 1361 896 1418 In
909 1358 1046 1436 praesenti

87 1456 191 1516 ordine
203 1478 262 1518 non
281 1463 376 1536 potest
389 1460 474 1519 homo
489 1478 573 1520 suum
594 1459 681 1519 finem
695 1460 833 1520 ultimum
848 1459 972 1537 assequi,
987 1459 1046 1519 nisi
1147 1467 1150 1474 '

86 1557 216 1616 videndo
236 1559 331 1618 Deum
351 1564 385 1619 ut
404 1560 436 1620 iri
457 1581 486 1620 se
507 1567 565 1632 est3
587 1559 667 1637 quia,
683 1581 749 1620 oum
764 1561 844 1620 adid
858 1567 970 1621 creatus
990 1565 1043 1634 est,

85 1664 206 1720 nonest
225 1661 355 1721 medium
368 1663 444 1721 inter
460 1661 667 1722 beatitudinem
680 1662 766 1722 istam
786 1665 816 1721 et
837 1661 1045 1722 beatitudinem

85 1761 121 1819 in
141 1760 199 1820 alio
213 1781 300 1838 quam
313 1762 345 1822 in
365 1764 427 1822 Deo
448 1766 479 1822 ia
499 1783 526 1822 ac
545 1763 612 1822 uiso.
648 1764 693 1822 .In
713 1767 792 1822 statu
813 1767 910 1822 autem
931 1767 1043 1824 naturae

85 1879 179 1937 purae,
196 1881 262 1920 eum
282 1862 349 1922 finis
368 1862 492 1923 ultimus
505 1867 536 1922 et
555 1863 705 1922 beatitudo
725 1864 827 1940 patriae
847 1862 929 1920 illius
951 1865 1044 1921 status

85 1981 148 2020 nou
161 1966 235 2022 esset
248 1963 327 2022 Deus
340 1965 376 2022 ut
389 1963 420 2022 in
441 1983 470 2024 ss
484 1967 513 2024 et
536 1963 684 2036 intuitive,
701 1963 751 2022 sed
765 1967 801 2024 ut
813 1963 845 2021 in
860 1963 1001 2023 creaturis
1015 1967 1045 2022 et

85 2061 271 2135 abstractive,
288 2062 370 2122 visus
391 2067 421 2122 et
435 2063 566 2136 dilectus,
583 2062 794 2123 beatitudinem
809 2063 928 2122 haberet
947 2063 1041 2136 homo,

84 2181 147 2222 non
160 2162 193 2220 in
205 2163 261 2222 alio
280 2183 369 2240 quam
389 2165 501 2238 icho,
516 2163 611 2223 sedin
626 2164 682 2223 alio
697 2183 784 2242 qnam
804 2163 835 2221 in
851 2163 1000 2222 Dacicae
1018 2167 1046 2220 at

84 2261 220 2322 ictericiae
232 2262 298 2322 uiso.
345 2264 385 2322 Et
398 2263 451 2322 hoc
464 2282 523 2322 non
543 2265 636 2322 solum
655 2283 713 2322 non
731 2267 776 2322 est
795 2263 922 2322 alienum
940 2281 958 2320 a
976 2261 1044 2333 fide,

84 2361 138 2420 sed
158 2361 227 2420 fidei
248 2363 364 2421 omniuo
383 2359 528 2422 consonat.

127 2465 143 2498 ⁴
152 2462 201 2526 73.
223 2463 359 2522 Alterum
373 2466 489 2523 textum
504 2463 545 2522 sie
559 2463 659 2522 enodo.
701 2463 784 2521 Inest
797 2460 908 2520 homini
921 2461 953 2519 in
971 2478 1044 2536 proe-

83 2562 162 2622 sonti
172 2567 259 2637 statu,
271 2584 308 2622 ex
316 2564 373 2624 fide
385 2570 414 2624 et
422 2564 525 2640 gratia,
537 2563 724 2624 connaturale
734 2562 910 2622 desiderium
921 2561 1043 2620 videndi

82 2666 181 2723 Deum
195 2669 230 2724 ut
243 2665 275 2724 in
289 2685 319 2724 se
332 2672 389 2726 est:
404 2668 473 2742 quia
486 2666 535 2726 hio
548 2666 615 2724 finis
626 2669 670 2724 est
681 2664 841 2728 seeundum
850 2661 1043 2722 conditionem

81 2763 174 2840 hujus
195 2768 341 2835 statuuat
364 2766 436 2824 fides
456 2770 486 2824 et
505 2767 598 2840 gratia
612 2765 683 2824 dant
704 2766 780 2822 vires
800 2763 837 2820 ad
857 2763 936 2820 huno
956 2761 1043 2820 finem

84 2867 316 2941 cognoscendum
330 2871 360 2926 et
381 2866 615 2926 desiderandum:
637 2865 782 2926 Concedo:
804 2866 917 2924 Inesset
937 2863 969 2922 in
987 2862 1043 2921 alio

86 2969 168 3026 statu
181 2966 213 3025 in
234 2987 290 3044 quo
304 2987 362 3028 nou
382 2973 457 3028 esset
470 2969 537 3028 finis
550 2969 615 3042 iste,
630 2966 684 3028 neo
705 2972 800 3028 essent
820 2967 897 3028 vires
918 2967 954 3026 ad
975 2985 1042 3026 eum

89 3071 143 3126 aut
155 3070 382 3143 cognoscendum
397 3070 454 3129 and
468 3071 706 3130 desiderandum:
729 3071 822 3145 Nego.

130 3169 203 3230 ⁵⁶74.
226 3170 323 3228 Aliam
342 3171 557 3231 distinctionem
568 3175 761 3248 interponunt
775 3170 892 3247 quidam
916 3166 1044 3244 theologi

91 3269 141 3345 (ut
155 3267 313 3339 Burcana,
330 3271 393 3348 obj.
411 3271 478 3348 10.),
494 3271 708 3346 distinguentes
717 3271 795 3329 inter
812 3268 986 3328 desiderium
999 3267 1043 3324 in·
1152 3272 1153 3275 ’

90 3367 194 3425 efficax
207 3373 237 3427 et
246 3369 355 3430 efficax.
396 3371 482 3430 Prius
493 3371 566 3430 mihi
574 3370 650 3430 nihil
664 3370 744 3430 aliud.
758 3387 819 3428 essa
833 3367 949 3427 videtur
958 3385 1044 3443 quam

92 3465 226 3526 velleitas
249 3469 389 3544 quaedam,
414 3474 448 3528 ut
472 3469 496 3528 si
517 3471 645 3530 rusticus
669 3470 787 3538 diceret,
820 3467 957 3526 “vellem
983 3483 1044 3524 esse

91 3585 190 3642 regem
203 3567 231 3626 :’'
246 3573 277 3628 et
290 3571 432 3646 ejusmodi
445 3571 619 3630 desiderium
634 3591 715 3647 purae
729 3573 841 3629 natura
856 3568 949 3628 inesse
962 3583 1044 3644 posse

92 3669 265 3729 concedunt.
312 3671 495 3731 Desiderium
522 3673 623 3732 efficax
651 3691 701 3732 seu
723 3671 888 3732 absolutum
911 3673 986 3728 esset
1012 3665 1044 3723 in
