2424 4300
161 419 217 464 122
527 398 582 461 De
600 397 732 462 Gratca.
967 401 1071 485 [mse.
1090 423 1118 466 r.

158 531 296 642 tempus?
337 565 402 623 Alii
416 563 560 624 deliniunt
573 583 663 622 uuum
684 564 769 634 diem,
792 563 844 622 alii
859 569 917 624 tres
930 566 979 625 rel
993 573 1120 643 quatuor

156 666 250 725 horas.
294 664 350 724 Sed
370 683 471 724 revera
491 663 565 722 nihil
587 663 659 722 certi
680 663 799 722 definita
824 667 915 723 statui
934 669 1051 742 potest:
1076 687 1120 726 res

156 766 233 825 enim
257 767 383 824 multum
406 765 513 842 pendet
540 784 578 824 ex
597 765 687 824 variis
719 764 948 824 circumstantiis
974 787 1118 844 persona,

157 871 249 926 statua
269 867 347 938 vitae,
370 865 560 941 negotiorum,
581 867 635 925 &c
676 865 779 941 Neque
800 865 915 942 aliquid
935 867 1001 942 cogi
1024 873 1122 945 potest

157 987 195 1027 ax
209 987 234 1029 c.
253 971 298 1039 11,
315 987 382 1027 sess.
397 973 414 1024 6
430 965 561 1040 Concilii,
584 966 637 1025 ubi
658 966 789 1042 loquitur
809 967 844 1026 dc
859 967 1025 1028 venialibus
1049 989 1120 1047 quc·

156 1067 292 1128 tidianis:
322 1067 440 1127 ridetur
461 1065 538 1126 enim
565 1069 681 1126 tantum
703 1066 778 1125 velle
804 1063 973 1143 significare
990 1069 1122 1129 venialia

156 1166 327 1244 frequenter
346 1165 434 1226 etiam
456 1185 473 1224 a
489 1165 580 1242 justis
598 1165 725 1224 admitti.
747 1166 873 1240 Suanaa,
896 1186 926 1227 n.
942 1171 1001 1241 293
1026 1169 1119 1230 Sasu.

156 1285 186 1326 n.
204 1266 358 1337 140010.
374 1271 401 1337 8,
417 1267 531 1325 ncnc.

198 1369 243 1424 10.
267 1366 317 1424 IV.
340 1366 493 1424 “Peccata
507 1363 612 1436 omnia,
627 1363 714 1424 ctiam
728 1363 884 1424 venialia.”
930 1366 971 1426 10.
994 1367 1119 1427 Peccata

156 1465 214 1525 ista
234 1465 387 1543 spectanda
408 1467 477 1522 sunt
496 1464 543 1524 vel
566 1463 753 1523 distributive
775 1464 823 1523 vel
846 1463 1005 1526 collective.
1049 1467 1118 1526 Dis·

157 1566 297 1626 tributire
311 1567 485 1642 spectantur,
501 1583 568 1622 curn
587 1563 703 1640 singula
716 1583 768 1641 per
781 1583 810 1623 se
824 1568 854 1624 at
866 1583 996 1624 seorsum
1011 1585 1030 1624 a
1042 1585 1116 1642 prm·

155 1665 325 1726 cedentibus
347 1667 376 1724 et
398 1663 586 1741 sequentibus
610 1663 845 1735 considerantur;
868 1664 1029 1738 collective,
1050 1685 1115 1725 cum
1209 1673 1210 1708 1

155 1770 218 1825 1010
238 1765 325 1825 serios
345 1763 622 1842 conspicitur-uon
637 1761 722 1840 quasi
741 1763 838 1822 omnia
858 1763 946 1823 simul
966 1783 1118 1826 occurrere

155 1866 274 1942 possint,
298 1869 326 1924 et
345 1865 404 1924 unta
424 1865 543 1924 vitanda
564 1863 623 1923 siut
647 1864 740 1945 (quod
760 1865 918 1924 absurdum
940 1871 1043 1942 esset),
1068 1869 1116 1927 sed

155 1968 299 2040 quatenus
313 1963 488 2023 tentationes
501 1963 668 2036 successive,
686 1963 742 2022 alia
753 1967 818 2040 post
831 1964 926 2037 aliam,
943 1965 1115 2036 sollicitant,

155 2066 185 2123 ct
198 2062 239 2122 sic
252 2061 403 2122 vincendae
418 2067 496 2123 sunt.

197 2165 242 2224 11.
264 2163 308 2222 2⁰.
329 2163 428 2223 Potest
444 2165 554 2240 justus,
578 2183 645 2222 oum
667 2162 787 2224 auxiliis
807 2163 970 2237 ordinariis,
996 2165 1119 2242 singula

153 2261 281 2322 venialia
300 2262 492 2323 determinata
512 2263 700 2322 distributive
721 2267 836 2340 sumpta
853 2262 955 2337 vitare,
981 2268 1118 2342 potantia

154 2381 212 2421 non
226 2362 318 2422 solum
332 2362 454 2440 physica
466 2362 517 2422 sed
530 2362 616 2422 etiam
630 2363 741 2422 morali.
776 2363 985 2433 80111001.
1028 2365 1119 2427 Hanc

154 2461 378 2540 propositionem
398 2481 458 2522 non
477 2462 548 2521 adeo
569 2463 644 2522 clare
663 2467 692 2522 et
705 2462 823 2523 definita
835 2466 949 2540 ponunt
962 2463 1114 2541 theologi:

153 2581 253 2623 censeo
271 2565 368 2624 tamen
388 2582 451 2622 eam
472 2581 570 2622 eorum
584 2582 700 2622 sensum
718 2581 820 2623 verum
834 2567 865 2622 ct
879 2561 1046 2623 unanimem
1060 2584 1115 2624 ex-

152 2663 285 2740 primere.
328 2661 433 2722 Omnia
447 2662 510 2721 dico
524 2661 659 2734 venialia,
675 2663 811 2722 etiamen
829 2681 894 2741 quae
908 2666 975 2723 suut
990 2665 1114 2743 subrep·

151 2762 255 2834 tionis;
291 2763 326 2820 de
352 2761 516 2822 venialibus
538 2763 616 2821 enim
636 2762 762 2840 perfecta
788 2763 963 2837 deliberatis,
992 2768 1028 2825 ut
1048 2766 1115 2843 jam

151 2860 323 2932 videbimus,
353 2861 436 2920 nulla
463 2864 507 2920 est
527 2861 691 2921 difficultas.
738 2862 813 2924 Dixi
842 2864 1065 2925 “determinata
1081 2869 1114 2925 :”
1205 2881 1206 2945 1

150 2962 211 3021 vid.
226 2961 312 3032 infra,
328 2980 358 3020 n.
377 2965 422 3032 15,
440 2963 489 3020 &c
532 2963 618 3022 Possa
638 2967 735 3023 autam
752 2964 876 3041 justum,
899 2985 965 3025 cum
990 2967 1114 3044 speciali

150 3056 312 3134 privilegio,
334 3058 430 3115 omnia
443 3057 570 3117 venialia
590 3060 678 3119 etiam
699 3059 851 3120 0011001110
872 3065 989 3139 sumpta
1014 3062 1113 3124 vitare

150 3157 336 3253 manifestupn
351 3161 403 3215 est.

193 3259 238 3316 12.
261 3257 302 3315 3⁰.
324 3255 391 3314 Non
414 3257 458 3314 011
482 3254 635 3316 definitum
649 3258 794 3319 bominem
812 3260 926 3337 justum
947 3279 1004 3320 non
1014 3281 1109 3338 posse,
1203 3267 1204 3352 1

150 3356 212 3416 sine
235 3354 398 3432 privilegio,
423 3354 517 3416 uitare
550 3357 646 3416 omnia
670 3357 796 3418 venialia
828 3359 913 3436 plane
937 3359 1107 3422 deliberata.

150 3455 215 3514 Imo
229 3454 314 3514 raldc
335 3454 483 3532 probabile
507 3454 594 3533 (mihi
618 3458 742 3536 certum)
763 3461 808 3517 est
821 3458 968 3520 hominem
981 3461 1108 3537 egregiae
1202 3471 1203 3555 1

150 3553 312 3614 sanctitatis
339 3574 372 3615 ca
396 3574 479 3632 posse
503 3555 596 3617 vitare
619 3556 705 3632 longo
736 3559 864 3635 tempore
888 3563 918 3618 et
941 3560 1029 3619 etiam
1053 3580 1108 3638 per

148 3657 238 3714 totam
251 3654 408 3716 vitam—si
422 3658 519 3716 tamen
532 3673 585 3735 per
598 3657 690 3717 totam
699 3659 791 3718 vitam
805 3658 928 3735 0310310
939 3660 1105 3722 sanctitatis
