2402 4292
59 406 168 452 mse.
185 387 272 473 1111]
324 386 503 454 Concordia
521 387 646 455 Gratia
660 395 693 456 et
704 390 895 458 Libertatis.
967 399 1028 479 287

58 554 270 613 tribuendum
291 558 342 614 est.
386 556 428 614 20.
451 557 530 616 Deus
549 555 625 615 nihil
646 559 733 617 Petro
754 559 804 618 dat
817 561 894 636 quod
908 581 965 620 non
980 563 1030 622 dat

59 653 191 714 Paulo:
215 675 281 730 ergo
302 675 361 714 noa
385 656 435 714 dat
458 656 545 714 Petro
569 675 739 716 eonsensum
762 659 940 720 salutarem:
963 681 1030 738 ergo

59 773 235 814 consensus
254 755 334 814 Petri
347 759 390 816 est
403 755 482 815 Petri
495 755 593 816 solius.
634 758 720 832 Reap.
745 759 872 836 Utrique
886 761 936 819 dat
949 763 1029 821 Deus

61 873 251 914 eonsensum
262 854 458 916 salutaremin
468 864 536 916 aetu
545 856 649 933 primo,
662 857 756 920 dendo
766 859 884 936 utrique
895 861 1027 935 gratiam,

59 953 125 1014 cui
136 957 263 1032 uterque
276 955 377 1016 cedere
393 957 497 1033 potest,
518 959 643 1034 uterque
660 957 794 1018 resistere
811 961 928 1036 potest:
950 961 1028 1020 aedil

55 1054 181 1113 Petrus
189 1054 291 1130 gratiae
302 1074 341 1115 ex
350 1055 451 1133 gratia,
464 1055 573 1117 resistit
582 1057 692 1117 Paulus
705 1059 907 1120 nonobstante
920 1061 1026 1138 gratia.

58 1152 143 1214 Vid.
160 1173 257 1231 supra,
272 1173 302 1216 n.
319 1159 368 1216 95.

115 1258 184 1314 116.
215 1255 311 1315 Instat
337 1257 459 1316 erasa.
483 1257 504 1316 1.
528 1261 639 1318 a.:—“
655 1257 904 1324 Quemadmodum
931 1260 1025 1334 miles,

62 1375 244 1432 quanquam
265 1355 328 1416 sine
351 1359 437 1416 armis
463 1377 592 1434 pugnare
623 1378 681 1417 non
703 1363 808 1434 potest,
832 1361 912 1436 quod
933 1364 1030 1421 tamen

64 1455 164 1515 armis
178 1460 293 1516 strenue
316 1461 426 1531 ututur,
450 1459 505 1518 sibi
525 1459 582 1537 ipsi
596 1461 681 1520 debet
695 1463 724 1521 et
738 1459 815 1519 nulli
835 1461 938 1520 alteri:
962 1461 1031 1540 quia

63 1577 155 1617 arma
167 1559 327 1636 potentiam
340 1560 457 1637 quidem
470 1563 621 1638 pugnandi
634 1564 774 1640 praebent,
798 1563 848 1621 sed
862 1582 921 1622 non
933 1562 1029 1641 ipsum

64 1663 173 1716 aetum
196 1663 248 1718 aut
269 1661 377 1718 bonum
399 1681 495 1721 usum.
538 1663 594 1722 Ha
619 1662 834 1722 oonseeutiones
858 1662 928 1721 adeo
951 1666 1029 1722 reete

63 1759 171 1818 fluunt
184 1779 222 1818 ex
235 1760 395 1818 Moliniano
415 1765 580 1839 systemate,
594 1766 630 1823 ut
641 1762 704 1840 ipse
724 1762 838 1822 Melina
851 1782 898 1823 eas
911 1762 1028 1824 omniuo

64 1879 178 1934 negare
192 1878 248 1918 nou
261 1859 422 1937 potuerit.''

114 1960 180 2020 117.
202 1958 286 2026 Quod
297 1960 410 2021 ultimis
424 1961 520 2020 verbis
534 1962 605 2022 dicit
616 1963 651 2023 11.
663 1961 698 2021 de
712 1963 839 2021 Momm
852 1981 954 2022 verum
967 1981 1026 2022 non

64 2061 123 2118 ost.
165 2059 258 2118 Locus
281 2063 386 2130 autem,
411 2080 497 2138 quem
524 2081 561 2121 ex
584 2063 638 2122 hoo
660 2067 774 2122 auctore
798 2063 913 2136 (d212,
936 2083 1025 2141 prope

63 2157 173 2235 finem)
185 2160 222 2217 ad
236 2159 266 2218 id
280 2160 457 2219 suadendum
480 2161 626 2235 exscribit,
651 2181 717 2221 eum
738 2165 880 2221 contextu
895 2183 946 2222 suo
959 2183 1024 2240 per-

65 2277 179 2336 pensus
192 2259 278 2336 longe
300 2261 381 2320 aliud
402 2264 486 2320 sonat
509 2261 544 2319 ab
558 2281 591 2320 eo
605 2261 692 2338 quod,
718 2261 810 2320 forma
822 2263 878 2320 ista
891 2268 1024 2322 truncata

65 2357 210 2434 prolatus,
235 2377 335 2419 sonare
359 2359 484 2419 videtur.
534 2359 591 2418 seu
615 2359 755 2438 quiequid
780 2361 815 2419 de
839 2381 892 2419 noo
916 2362 1024 2422 dieitur

67 2457 171 2534 (infra,
187 2476 215 2518 n.
232 2458 313 2536 119),
335 2459 458 2534 objectio
479 2459 543 2536 ipsa
555 2460 627 2518 bene
642 2461 672 2518 et
686 2460 762 2518 olere
777 2459 947 2519 dissolvitur
960 2461 1022 2519 ani·

67 2557 268 2617 madversione
290 2559 416 2637 quadem
440 2559 477 2618 D.
502 2557 1023 2636 11111111111111111111111111111

66 2659 243 2739 systematis,
256 2678 285 2719 1.
305 2663 360 2718 199
370 2662 443 2720 :-“
452 2658 595 2736 Apprime
609 2657 857 2718 animadvertatur
867 2659 1020 2719 efficaciam

64 2759 253 2820 connexionis
275 2739 378 2835 gratiae
395 2777 461 2817 eum
481 2759 555 2818 bono
574 2777 659 2836 opere
681 2776 740 2816 nou
759 2757 884 2834 pendere
905 2777 922 2816 a
941 2760 1020 2818 nuda

66 2860 226 2933 voluntate,
239 2879 271 2920 ae
285 2859 311 2918 si
325 2859 461 2919 voluntas
474 2858 587 2918 viribus
611 2857 672 2918 suis
695 2857 808 2935 aliquid
822 2857 938 2918 adderet
953 2879 1017 2934 gra-

67 2960 126 3035 tia,
141 2978 230 3036 quum
243 2959 340 3037 potius
362 2959 457 3034 gratia
480 2958 556 3018 vires
570 2959 619 3017 det
633 2956 841 3018 efficacissimas
860 2959 1015 3033 voluntati,

67 3061 172 3137 qulbus
185 3059 247 3138 ipso
258 3063 340 3118 aetus
354 3057 479 3118 elicitur,
520 3057 630 3118 Gratiae
651 3058 728 3118 enim
748 3058 875 3134 operatio
889 3058 921 3118 11
935 3060 1018 3118 nobis

67 3179 127 3218 non
139 3159 181 3218 ita
194 3175 238 3219 est
251 3159 446 3236 concipienda,
470 3160 515 3218 uti
536 3158 683 3218 interdum
696 3157 780 3234 vulgi
793 3156 928 3234 opinione
944 3159 1017 3218 solet

68 3259 251 3336 apprehendi,
267 3258 350 3337 quasi
363 3278 467 3336 nempe
488 3258 557 3318 hino
580 3258 737 3317 habeamus
756 3255 879 3332 gratiam
891 3256 1015 3318 influen-

68 3365 125 3419 tem
138 3359 205 3419 inde
217 3379 283 3419 vero
297 3360 414 3419 seorsim
429 3365 541 3419 nostras
553 3359 708 3418 rationales
720 3359 873 3418 facultates
887 3357 1016 3418 induxui

69 3461 166 3538 gratia
180 3462 326 3534 obnoxias,
342 3462 385 3521 ita
405 3466 440 3520 ut
462 3461 557 3538 gratia
571 3461 610 3520 sit
623 3480 708 3520 eausa
728 3460 851 3519 mediata
865 3463 894 3520 et
908 3460 1012 3538 impel-

67 3565 136 3636 lens,
151 3565 286 3624 voluntas
306 3566 382 3624 1111
397 3566 433 3624 ab
448 3583 481 3624 ea
493 3565 621 3641 impulsa
640 3583 726 3623 eausa
738 3563 900 3622 immediata
920 3568 1011 3624 aetus.

10 3755 12 3760 ,
69 3666 166 3749 Neque
180 3667 259 3729 enim
273 3667 387 3751 eonaipi
407 3667 493 3731 debet
512 3665 606 3749 gratia
618 3668 654 3731 ut
667 3664 837 3749 simpliciter
851 3665 1012 3730 consociata
