2430 4304
65 472 161 518 msa.
178 451 267 536 vnn]
300 407 303 416 i
320 447 497 515 Concordia
517 447 643 515 Gratim
658 453 690 513 et
702 444 892 514 Lacerant.
970 467 1027 528 251

113 623 164 678 44.
187 619 214 678 Ι.
236 616 390 677 Praemotio
404 616 456 676 illa
466 616 584 694 perimit
593 617 767 678 libertatem.
796 616 839 676 Ut
853 615 931 676 enim
944 615 1030 674 homo

64 721 127 778 sub
142 738 179 777 ea
191 718 317 776 motione
330 736 396 776 vere
409 718 484 776 liber
497 717 545 788 sit,
567 718 761 776 necessarium
774 721 818 776 est
831 719 865 775 ut
878 716 906 775 ei
920 715 1029 774 dissen-

64 819 130 878 tire
143 818 245 897 possit,
264 822 293 877 et
306 817 525 894 inspirationem
539 817 596 876 Dei
609 817 748 896 abjicere:
770 838 807 877 ex
821 817 900 876 Trid.
915 837 982 876 sess.
999 821 1027 890 6,

64 939 134 996 cap.
159 924 177 976 5
202 922 233 976 et
256 936 319 976 can.
342 923 370 976 6.
413 917 541 994 “Atqui
568 918 682 976 decreto
708 915 973 994 pradeterminanti
1000 921 1030 975 et

64 1018 176 1096 gratiae
189 1037 242 1094 per
255 1037 284 1076 se
296 1016 403 1076 efficaci
416 1017 537 1076 habenti
550 1017 735 1076 infallibilem
754 1037 864 1076 nexum
882 1036 948 1076 cum
962 1035 1028 1074 con-

65 1137 161 1177 sensu
166 1115 335 1188 voluntatis,
346 1117 480 1175 voluntas
490 1115 642 1176 dissentire
653 1137 710 1175 non
721 1121 818 1193 potest
829 1136 835 1176 :
852 1115 923 1174 alias
933 1115 1028 1182 decre·

64 1224 137 1278 tum
148 1238 207 1276 non
219 1221 293 1276 esset
305 1217 568 1294 praedeterminans,
578 1237 631 1276 nec
642 1217 735 1292 gratia
746 1237 763 1275 a
776 1236 805 1275 se
819 1216 928 1288 efficax,
942 1235 1028 1293 quarn

65 1319 213 1376 voluntas
237 1317 369 1375 dissensu
393 1337 444 1376 suo
470 1323 568 1394 posset
591 1317 710 1376 reddere
734 1315 938 1376 inefficacem.”
980 1317 1029 1375 Ita

65 1413 225 1478 Brnnunar
240 1417 290 1495 (de
303 1418 375 1489 Deo,
391 1419 420 1478 d.
435 1419 462 1490 8,
479 1437 505 1477 a.
520 1421 548 1490 4,
566 1416 582 1496 ἓ
598 1419 630 1488 2)
645 1417 702 1476 sibi
716 1437 752 1476 ex
767 1417 882 1495 scriptis
896 1418 1028 1476 adversa-

65 1519 194 1590 riorum,
210 1517 356 1594 praecipue
369 1518 546 1588 ronanam,
559 1516 750 1594 objectionem
763 1517 907 1594 proponit.

115 1625 165 1677 45.
188 1619 353 1695 Respondet
367 1619 442 1678 idem
463 1620 546 1677 Brun.
570 1619 733 1678 adhibendo
753 1617 859 1676 minori
871 1601 1028 1678 celeberri-

68 1740 152 1780 mam
172 1719 259 1778 istam
280 1720 504 1780 distinctionem.
550 1727 569 1754 “
581 1721 706 1780 Decreto
720 1720 986 1797 praedeterminanti
999 1727 1029 1780 et

68 1821 177 1898 gratiae
197 1841 292 1897 perse
312 1821 420 1880 efficaci
439 1821 575 1880 voluntas
595 1842 654 1880 non
677 1825 773 1899 potest
793 1821 953 1894 dissentire,
975 1841 1026 1898 pc·

67 1921 167 1982 tentia
181 1925 381 1998 consequente,
392 1921 522 1998 potentia
532 1921 723 1996 futuriticniS,
735 1922 861 1982 insensu
871 1923 1027 2000 composito

69 2025 153 2102 (haec
173 2022 251 2081 enim
272 2028 342 2080 sunt
362 2025 548 2101 synonyma),
567 2024 623 2082 hoc
643 2028 695 2096 est,
712 2026 847 2084 voluntas
860 2044 918 2083 non
931 2028 1027 2102 potest

67 2124 161 2184 simul
171 2125 295 2200 jungere
308 2143 362 2184 noa
376 2128 468 2183 actum
479 2145 545 2182 cum
553 2126 680 2186 motione
691 2126 727 2184 ad
738 2129 853 2186 actum:
876 2127 1005 2187 Concedo
1019 2147 1025 2185 :

71 2227 154 2305 quia,
171 2245 238 2284 cum
251 2227 340 2284 motio
355 2227 392 2285 sit
407 2227 498 2285 simul
510 2231 640 2304 tempore
662 2249 729 2288 cum
749 2233 816 2288 actu
837 2229 935 2307 (illum
949 2229 1025 2287 enim

70 2327 215 2406 praecedit
234 2331 350 2387 tantum
370 2333 476 2387 natura
498 2334 528 2387 et
549 2331 741 2406 causalitate),
766 2336 934 2407 sequeretur
948 2332 1027 2408 quod

70 2430 171 2505 posset
186 2427 273 2486 simul
283 2429 407 2506 jungere
421 2448 479 2486 non
494 2433 591 2487 actum
606 2449 673 2487 eum
687 2435 764 2500 actu,
780 2430 857 2506 quod
874 2429 1023 2504 implicat:

70 2528 219 2588 Voluntas
239 2547 296 2585 non
318 2532 413 2604 potest
434 2528 589 2588 dissentire
609 2527 739 2605 potentia
759 2529 954 2598 antecedente,
975 2548 1025 2604 po·

71 2631 168 2692 tentia
195 2631 406 2707 possibilitatis,
433 2632 466 2690 in
494 2652 580 2692 sensu
608 2632 710 2704 diviso,
734 2633 789 2690 hoc
813 2637 865 2704 est,
895 2633 949 2690 sub
975 2632 1027 2689 illc

71 2733 202 2792 motione
222 2751 280 2791 non
301 2737 397 2792 servat
410 2737 570 2809 potentiam
589 2735 789 2794 dissentiendi:
833 2734 936 2810 Nego.
952 2733 1027 2800 Quia

71 2878 79 2894 .
103 2880 110 2895 .
135 2880 142 2896 .
166 2877 174 2893 .
197 2834 237 2894 sic
258 2835 338 2894 Deus
351 2835 417 2894 vult
438 2856 490 2895 nos
515 2856 608 2911 agere,
630 2841 665 2895 ut
686 2837 774 2895 etiam
787 2836 860 2896 velit
873 2836 1026 2896 ncslibere

73 2953 169 3011 agere,
186 2936 216 2992 et
230 2933 271 2993 sic
284 2940 381 2994 movet
395 2935 432 2992 ad
447 2936 599 3010 egendum,
613 2941 648 2996 ut
661 2935 748 2995 etiam
761 2940 875 2997 moveat
888 2935 926 2996 ad
938 2936 1026 2997 libere
1111 3002 1114 3008 ,

72 3035 239 3111 agendum3
261 3055 321 3112 seu,
342 3040 377 3095 ut
397 3035 592 3096 communiter
611 3037 726 3110 dicitur,
741 3043 838 3100 movet
855 3059 914 3099 non
934 3039 1026 3100 solum

73 3136 111 3194 nd
135 3135 328 3195 substantiam
352 3139 433 3194 actus
451 3135 502 3195 sed
523 3135 611 3195 etiam
631 3137 668 3195 ad
690 3139 753 3216 ejus
773 3141 901 3213 modurn,
917 3141 969 3216 qui
983 3152 1027 3199 est

72 3235 212 3296 libertas:
245 3240 275 3296 et
297 3255 364 3295 cum
386 3215 450 3314 cjui
470 3237 604 3297 voluntas
629 3239 668 3298 sit
695 3241 971 3318 omnipotentissima
997 3249 1027 3301 et

72 3331 280 3402 efficacissima,
302 3334 377 3392 sicut
398 3338 428 3392 et
451 3333 515 3410 ejus
531 3336 629 3408 motio,
652 3337 784 3414 sequitur
803 3339 961 3398 necessario
974 3358 1026 3396 nos
1089 3349 1091 3356 '

73 3433 164 3492 libere
179 3454 272 3510 agere,
297 3440 326 3493 et
339 3439 549 3511 consequenter
565 3457 617 3496 nos
638 3459 751 3498 servare
765 3441 818 3499 sub
832 3441 888 3499 ista
901 3441 1026 3500 motione

73 3535 236 3612 potentiam
249 3536 295 3594 illi
308 3537 462 3596 resistendi
479 3543 508 3596 et
523 3559 585 3598 eam
600 3541 764 3617 abjiciendi.
822 3545 823 3549 ’

114 3641 161 3695 46.
185 3636 265 3695 “Sic
288 3655 356 3717 ergo
382 3637 577 3715 intelligenda
600 3645 645 3702 est
665 3642 727 3701 haec
748 3642 857 3700 famosa
878 3642 1025 3704 distinctio

71 3754 173 3798 sensus
194 3737 348 3817 compositi
361 3747 391 3801 et
404 3738 503 3814 divisi,
524 3746 559 3804 ut
572 3761 672 3805 sensus
685 3743 859 3824 compositus
872 3755 1024 3825 componat
