2410 4314
78 431 168 475 nrsr.
185 407 241 498 ru]
285 409 341 473 De
356 407 506 472 Stolidus
520 409 691 474 Humane
705 409 858 475 Natura.
996 432 1037 494 29

79 581 200 652 accepta
223 575 322 634 innuit
344 577 452 634 statum
473 573 558 633 illum
583 575 731 653 sequelam
757 577 847 636 fnisse
874 575 1034 650 creationis,

79 677 214 736 debitum
246 697 283 736 ex
310 675 439 734 naturali
471 675 619 752 exigentia
651 681 680 756 et
712 676 877 737 conditione
904 677 1037 736 humanae

79 782 206 850 naturae,
236 799 294 836 non
322 777 485 853 gratuitum
512 778 569 836 Dei
595 779 786 838 beneficium:
824 779 924 848 Falsa;
955 779 1038 837 Alias

79 881 219 938 damnata
239 881 270 937 in
289 879 361 938 Baio
382 884 411 938 et
432 878 616 950 Quesnellio;
638 880 781 952 Erronea3
803 879 917 939 Faveas
936 879 1038 938 haeresi

78 981 271 1058 pelagianae.'’
326 981 393 1038 Non
420 980 513 1038 solum
537 999 612 1055 ergo,
637 981 715 1040 inter
736 981 945 1057 propositiones
968 979 1038 1038 olim

78 1081 232 1140 damnatas
252 1079 284 1137 in
304 1080 390 1154 globo
411 1079 461 1156 (da
481 1079 619 1150 Ecclesia,
638 1082 673 1139 D.
693 1081 737 1152 17,
755 1100 783 1138 n.
799 1085 847 1153 48,
864 1079 940 1156 &c.),
957 1079 1034 1137 darn·

78 1187 150 1241 nata
172 1185 216 1240 est
238 1180 396 1258 propositio
422 1181 567 1238 affirmans
589 1184 699 1239 statum
724 1161 881 1257 praefatum
903 1184 952 1238 cut
977 1199 1038 1239 esse

78 1283 227 1360 sequelam
250 1281 411 1352 creationis,
434 1291 482 1340 cut
503 1281 634 1340 debitum
656 1301 718 1340 esse
738 1282 892 1356 exigentiae
912 1286 1035 1352 natura,

78 1387 130 1441 aut
143 1401 203 1440 non
216 1401 277 1440 esse
291 1380 450 1457 gratuitum
465 1379 521 1438 Dei
535 1379 724 1452 beneficium
739 1381 788 1440 sed
804 1381 867 1458 ipsa
880 1380 1037 1458 propositio

78 1503 133 1560 per
147 1503 177 1542 se
191 1482 327 1541 damnata
340 1486 384 1540 est
397 1486 432 1540 ut
438 1481 519 1556 falsa
532 1485 562 1540 et
574 1501 698 1542 erronea.

121 1590 169 1643 36.
191 1585 258 1643 Nou
272 1583 429 1642 defuerunt
444 1582 570 1656 theologi
591 1582 642 1658 qui
662 1584 796 1641 docerent
819 1580 857 1653 1⁰,
876 1581 930 1640 etsi
943 1581 1037 1657 gratia

78 1685 202 1744 actualis
218 1685 330 1743 Adamo
345 1691 410 1760 post
423 1684 535 1760 lapsum
552 1689 582 1742 et
595 1683 716 1760 posteris
728 1684 791 1760 ejus
806 1681 941 1758 deinceps
953 1682 1036 1740 nullo

78 1785 169 1843 titulo
204 1784 302 1842 debita
329 1784 427 1854 fuerit,
464 1785 523 1840 imo
550 1782 680 1858 indignis
714 1781 814 1840 divinat
841 1780 1036 1840 misericordia

79 1886 215 1944 donatam
230 1903 305 1954 ssse3
327 1889 454 1942 attamen
469 1884 511 1954 2⁰,
527 1903 590 1941 eam
603 1885 715 1942 Adamo
737 1883 884 1942 innocenti
907 1883 1035 1959 “aliquo

79 1986 171 2045 titulo
195 1984 322 2044 debitam
343 1985 432 2056 essc‚’'
456 1984 524 2061 qnia
545 1984 570 2042 si
590 1984 617 2042 ei
637 1984 784 2055 defuisset,
801 2003 859 2042 non
881 2003 935 2042 sua
951 1984 1036 2060 culpa

79 2085 238 2156 cecidisset,
260 2091 279 2118 “
291 2083 427 2160 quoniam
447 2103 506 2142 non
520 2089 563 2142 est
576 2082 643 2142 talis
657 2089 793 2142 creature
808 2083 984 2156 constitutio,
1001 2088 1036 2141 ut

79 2183 171 2260 possit
191 2183 253 2242 sine
266 2183 367 2258 gratiae
381 2183 525 2260 adjutorio
546 2182 638 2242 vitare
659 2189 810 2259 peccatum
820 2185 850 2253 ;”
871 2187 902 2241 et
915 2183 1036 2259 insuper

81 2285 125 2357 3⁰,
142 2283 197 2344 etsi
218 2283 341 2360 “gratia
355 2284 536 2343 sanctificans
556 2289 586 2342 et
606 2283 879 2360 supernaturalium·
890 2283 1034 2342 virtutum

79 2383 206 2455 habitus,
230 2387 260 2441 et
282 2391 489 2459 consequenter
511 2382 663 2457 integritas
691 2386 721 2441 et
744 2382 893 2458 originalis
916 2381 1035 2458 justitia
1103 2385 1105 2389 '

80 2484 254 2543 haecomnia
274 2484 467 2560 complectens
486 2484 580 2560 primo
600 2483 713 2541 homiui
734 2483 833 2541 debita
852 2501 1035 2558 nequaquam

80 2586 199 2656 fuerint,
223 2591 310 2662 etque
330 2585 411 2644 Deus
429 2590 526 2662 posset
545 2589 705 2643 creaturam
724 2583 895 2642 rationalem
916 2585 1037 2642 condere

80 2687 188 2762 absque
201 2685 310 2744 talibus
320 2685 496 2744 ornamentis
506 2685 536 2756 ;”
553 2690 679 2742 attamen
691 2684 731 2754 4⁰,
748 2688 766 2715 “
774 2703 831 2740 non
841 2685 937 2759 potuit
948 2702 965 2740 a
975 2683 1036 2740 Deo

81 2787 167 2846 condi
183 2797 287 2845 actara
301 2787 412 2863 integra
425 2787 501 2844 omac'
519 2785 732 2861 supernaturali
751 2785 859 2843 auxilio
872 2785 1034 2860 exspoliata,

81 2906 139 2945 non
154 2906 192 2945 ex
205 2891 287 2962 parte
301 2886 392 2963 ipsius
412 2889 535 2958 naturae,
552 2885 635 2962 quasi
655 2885 749 2960 gratia
768 2885 843 2944 foret
856 2885 945 2960 hujus
959 2904 1034 2960 pars,

82 2991 132 3047 dcc.
156 3030 163 3046 .
187 3031 194 3044 .
219 3033 225 3046 .
247 2989 297 3046 sed
310 2991 345 3046 ut
358 2993 491 3046 creatura
503 2987 662 3058 rationalis,
678 2987 715 3046 ad
727 2986 884 3063 imaginem
896 2985 955 3067 Dei
969 3003 1037 3044 eon-

83 3087 153 3156 dita,
170 3094 199 3145 et
223 3105 354 3162 supernae
378 3086 570 3145 beatitudinis
588 3106 689 3162 capax,
706 3087 741 3145 ad
762 3088 846 3158 hauc,
863 3103 950 3162 quem
971 3105 1036 3161 pro-

80 3187 185 3247 mereri
198 3191 228 3246 et
241 3186 390 3264 acquirere
404 3207 588 3264 nequaquam
601 3191 715 3264 poterat
728 3187 911 3246 naturalibus
924 3185 1039 3245 arbitrii

80 3285 203 3358 viribus,
231 3290 327 3362 posset
354 3285 548 3363 superadditis
577 3287 741 3346 divinarum
768 3285 928 3361 gratiarum
955 3285 1038 3344 donis

80 3387 277 3465 pertingere.”
320 3389 405 3446 Hanc
430 3388 589 3446 doctrinam
612 3392 777 3464 propugnat
800 3389 905 3460 Benrr,
928 3391 958 3445 et
978 3386 1039 3444 illis

80 3488 151 3565 ipsis
178 3487 275 3546 verbis
304 3488 439 3566 (mutatis
466 3492 580 3547 tantum
614 3488 822 3547 inflexionibus
856 3488 1038 3562 quorundam

77 3589 232 3646 verborum
246 3591 276 3646 et
294 3587 467 3664 nominum),
486 3589 725 3647 additamentum
745 3588 796 3646 lib.
815 3591 860 3657 la,
877 3591 945 3654 c.,l‚
961 3603 1037 3646 vers.

77 3685 201 3758 Habeat,
218 3705 241 3745 c.
259 3691 285 3758 3,
303 3706 375 3745 vere.
390 3687 536 3753 Primam
552 3687 710 3761 Augustin.
727 3688 867 3763 Systema,
885 3685 914 3742 d.
934 3689 958 3744 1,
974 3705 998 3744 o.
1012 3689 1037 3758 l,
