2410 4318
19 406 120 452 urse.
140 377 268 470 vnn]
320 373 498 448 Concordia
517 374 641 448 Gratia
654 381 886 450 otLa'barlotos.
963 377 1023 463 24'7

19 551 182 612 nandum
210 553 251 611 et
268 549 500 627 impugnandum
519 548 595 608 illud
615 553 741 628 systema
755 547 852 609 allatis
864 547 969 609 melius
981 547 1026 606 in·

19 653 251 728 telligentur.
297 652 423 709 latorum
447 653 683 726 argumentorum
709 671 769 710 non
794 668 946 727 possumus
969 646 1028 706 nisi

22 752 188 829 quoedam
219 750 376 828 praecipua
400 749 448 808 hic
469 755 614 823 excutere,
637 757 666 810 et
689 751 751 810 haec
775 771 813 810 ex
835 749 983 826 Scriptura
997 756 1027 806 ot

26 851 165 910 ratione
198 849 481 926 theologica-que
508 855 604 909 autem
633 869 670 909 ex
695 851 725 911 S.
748 849 916 926 Augustino
944 851 974 908 et
996 849 1025 907 S.

26 952 164 1010 Thema
180 949 387 1027 proferuntur
401 948 557 1008 videantur
570 950 647 1026 apud
661 957 801 1008 auctores.

80 1055 138 1109 31.
164 1049 361 1126 Arqumaato
378 1067 432 1124 pro
448 1048 603 1107 Tlomiamo
623 1069 658 1108 aa
673 1049 705 1108 S.
722 1049 884 1124 Scoo'potaoo.
926 1046 1029 1107 Varios

34 1153 154 1210 textus
171 1148 238 1226 qui
256 1149 292 1206 ad
307 1149 361 1206 hoc
375 1151 503 1224 systema
523 1148 698 1207 firmandum
712 1148 832 1207 adducti
845 1151 914 1206 sunt
927 1147 962 1206 ad
978 1167 1029 1206 sex

38 1249 152 1327 capita
175 1253 308 1308 revocat
330 1249 451 1320 Susum,
479 1251 616 1306 strenuus
641 1248 773 1325 ejusdem
794 1247 957 1324 systematis
974 1247 1028 1305 im-

40 1351 222 1424 pugnator,
243 1347 266 1406 l.
278 1348 306 1418 5,
322 1365 346 1405 o.
364 1349 471 1404 29-32.
507 1347 564 1405 Eos
574 1366 642 1406 vero
657 1347 693 1405 ad
707 1347 763 1406 tria
775 1351 892 1406 revocat
906 1345 1029 1422 insignia

44 1447 217 1507 Thomista
251 1446 351 1506 Gouur
376 1445 410 1522 (l.
436 1449 487 1524 a),
523 1445 576 1522 qui
601 1450 666 1522 post
694 1446 787 1505 editas
813 1445 1027 1506 lucubrationes

48 1547 211 1606 Suessam
236 1545 275 1604 de
296 1544 417 1603 auxiliis
438 1545 499 1622 (an.
520 1549 612 1622 1651)
632 1545 756 1622 scripsit,
778 1564 903 1622 eumque
924 1544 1029 1637 saepiup

51 1647 142 1707 citat.
190 1645 298 1717 Hunc,
312 1648 375 1704 tum
384 1643 536 1704 brevitatis
545 1664 642 1719 causa,
654 1651 716 1704 tum
729 1645 800 1723 quia
810 1645 872 1722 ipse
883 1643 1031 1703 Thomista

55 1751 113 1818 est,
129 1763 313 1824 sequemur.

101 1847 155 1906 32.
180 1847 208 1907 1.
234 1845 460 1922 Arpocraatotur
474 1864 511 1904 ex
525 1844 656 1904 textibus
675 1845 827 1923 inquibus
851 1843 1030 1922 significatur

63 1946 290 2005 “voluntatem
311 1945 367 2004 Dei
387 1945 430 2004 ita
450 1965 511 2005 essa
532 1946 675 2006 efficacem
695 1952 725 2006 et
738 1945 934 2017 infallibilem,
957 1951 990 2002 ut
1004 1947 1030 2003 ei

62 2045 166 2106 resisti
187 2065 250 2104 non
274 2044 395 2122 possit,’'
419 2047 469 2104 &c
483 2048 518 2104 ut
534 2065 635 2122 supra,
657 2065 686 2105 n.
708 2052 770 2105 29.
799 2046 951 2104 “Domine
965 2046 1031 2104 Rex

67 2147 270 2224 omnipotens,
292 2146 324 2204 in
345 2146 453 2205 ditione
475 2150 526 2205 tua
546 2152 651 2208 cuncta
672 2152 741 2206 sunt
754 2147 857 2224 posita,
873 2151 903 2206 et
916 2165 974 2205 non
987 2155 1032 2205 est

67 2245 122 2322 qui
143 2247 244 2323 possit
267 2249 326 2304 tuoe
349 2245 483 2306 resistere
503 2245 658 2319 voluntati,
684 2247 709 2306 si
737 2245 896 2306 decreveris
922 2246 1031 2305 salvare

70 2347 197 2408 Israel.”
243 2347 358 2419 Esther,
380 2347 445 2405 xiii.
464 2353 492 2406 9.
537 2347 730 2407 “Consilium
750 2367 848 2407 meum
874 2347 973 2419 stabit,
1002 2353 1032 2406 et

72 2445 169 2505 onmis
192 2446 331 2506 voluntas
358 2466 423 2506 meu
444 2445 524 2506 fiet.’'
566 2447 637 2506 Isai.
658 2446 731 2505 xlvi.
756 2451 801 2504 10.
847 2445 1032 2507 “Voluntati

76 2544 141 2620 ejus
155 2546 224 2623 quis
238 2545 347 2604 resistis
356 2543 389 2603 ?”
430 2546 515 2606 Rom.
530 2545 573 2604 ix.
594 2549 641 2606 la.
684 2545 799 2605 Similia
812 2543 882 2605 alibi
895 2545 1030 2622 frequen-

77 2649 121 2703 ter
133 2644 338 2705 inveniuntur.

121 2750 169 2806 33.
192 2747 384 2822 Respondatur
397 2767 504 2806 vanum
524 2767 641 2825 prorsus
661 2751 692 2809 et
709 2747 856 2806 infirmum
870 2767 931 2807 essa
944 2767 1030 2824 argu·

73 2849 215 2905 mentum
234 2847 297 2907 hoc.
340 2847 380 2907 1⁰.
403 2848 505 2908 Sermo
522 2851 566 2907 ost
579 2847 611 2906 in
624 2848 690 2908 istis
703 2853 733 2908 et
747 2848 889 2907 similibus
902 2848 1032 2908 textibus

86 2948 120 3008 de
135 2951 286 3011 voluntate
307 2971 357 3011 seu
381 2952 494 3012 decreto
515 2952 632 3026 efficaci,
654 2952 715 3012 sivo
735 2953 866 3012 absoluto
884 2953 943 3013 sive
965 2973 1030 3012 oon-

86 3049 234 3114 ditionato.
277 3053 350 3120 Quis
370 3057 467 3114 autem
483 3054 651 3113 Cutholicus
672 3055 787 3115 dubitat
806 3055 880 3132 quin
898 3057 986 3128 Deus,
1007 3055 1032 3114 si

88 3151 171 3216 finem
185 3157 313 3236 aliquem
325 3157 399 3217 velit
412 3158 555 3235 attingere
569 3159 728 3233 efficaciter,
746 3159 834 3219 finem
847 3160 932 3218 illum
945 3159 1030 3218 infal-

88 3251 205 3317 libiliter
218 3262 248 3317 et
261 3257 482 3317 irresistibiliter
495 3258 698 3334 attingere-“
707 3259 734 3318 oi
751 3259 902 3319 decreveris
921 3259 1032 3318 salvara

92 3353 205 3418 Israel.”
249 3359 306 3419 sed
321 3358 444 3438 quaestio
462 3363 506 3418 est
519 3379 556 3418 an
573 3359 679 3420 liberas
698 3365 894 3420 creaturarum
908 3359 1033 3420 actiones

93 3453 221 3515 adfinem
242 3459 330 3518 talem
349 3459 561 3536 assequendum
578 3460 672 3518 medio
690 3459 887 3537 praemotionis
904 3461 1032 3536 physicae

95 3553 206 3627 ordinet,
222 3557 281 3617 imo
295 3578 328 3618 eo
342 3558 401 3617 solo
416 3559 548 3618 ordinare
562 3559 671 3635 possit:
696 3579 770 3633 cum,
787 3579 825 3618 ex
839 3560 928 3618 alteru
941 3565 1022 3636 parte

95 3649 202 3717 infinite
223 3658 336 3738 sapiens
358 3658 442 3719 novit
462 3659 520 3718 alia
539 3659 643 3733 media,
665 3663 695 3720 et
714 3659 829 3720 infinite
842 3663 943 3738 potens
957 3659 1034 3738 quod
