2408 4304
163 419 227 500 ³9⁶
525 410 582 478 Dc
598 407 731 478 Grato.
956 399 1070 494 [mss.
1084 425 1126 474 11.

163 603 250 662 supra
262 581 356 655 dietis,
372 581 401 640 d.
416 584 444 653 9,
459 598 490 640 n.
508 579 556 652 70,
573 582 621 638 90.
664 577 704 636 In
723 576 781 636 hae
803 575 872 654 ipsa
884 574 1025 654 Epistola
1037 594 1122 654 qnos·

164 685 231 745 dam
243 682 290 743 sui
302 680 440 760 temporis
461 677 613 740 hramtioos
635 676 791 756 improbat,
807 677 863 756 qui
877 677 1028 738 tenebant
1039 676 1128 739 viola·
1189 681 1190 696 ¹

164 785 273 844 tionem
295 781 497 842 mandatorum
521 777 611 839 saluti
623 793 682 838 non
692 777 802 849 obesse,
818 775 852 837 id
866 779 925 850 est,
938 776 1011 836 aliia
1023 774 1129 847 vertis,

164 892 282 963 peooata
301 879 435 959 oomponi
456 897 539 958 posse
561 897 629 938 oum
642 875 770 956 justitia,
796 896 850 936 seu
871 880 1002 954 peeoata
1018 875 1134 955 justini

165 1003 224 1046 non
238 981 377 1061 imputari
389 983 424 1042 ut
435 981 553 1059 peeeata
566 977 647 1058 (i.e;
667 977 750 1051 ii.4;
771 977 814 1040 iii.
827 980 856 1052 7,
876 983 917 1050 ὃς
942 997 975 1040 v.
993 982 1034 1053 ὃς
1055 979 1132 1058 aa).
1190 961 1191 1018 l

166 1084 232 1144 Imo
252 1099 349 1141 nonne
368 1079 432 1140 heo
452 1080 496 1138 ast
516 1077 579 1155 ipsa
598 1075 726 1150 nereos,
750 1095 840 1156 quam
865 1077 946 1137 adeo
972 1077 1086 1139 diserte
1108 1083 1136 1136 at

166 1183 353 1243 vehementer
365 1176 534 1257 pradieavit
542 1176 689 1237 Lntherus
698 1176 790 1256 (apud
803 1177 1010 1252 Monuml.
1026 1183 1054 1252 1,
1064 1197 1095 1257 p.
1109 1181 1134 1250 1,

167 1281 184 1362 5
203 1284 248 1354 16,
263 1299 309 1358 ap.
322 1279 470 1347 Pmoun,
480 1295 510 1336 n.
521 1280 589 1348 666,
600 1274 701 1354 not.)l
741 1275 879 1354 Ipsorum
887 1276 989 1337 etiam
1003 1277 1135 1340 fidelium

168 1382 221 1460 qui
228 1379 388 1442 doctrinam
402 1375 581 1438 catholicam
591 1375 700 1454 optima
718 1379 827 1437 norunt
839 1381 871 1438 et
884 1377 1065 1441 firmissime
1077 1397 1134 1440 ere

168 1484 243 1543 dunt
256 1483 286 1541 et
299 1478 352 1558 qui
365 1479 454 1539 etiam
467 1475 583 1538 eximin
604 1476 768 1536 annetitotis
781 1479 861 1552 snnt,
875 1496 942 1539 non
953 1479 1024 1542 sine
1036 1481 1134 1543 meru

169 1582 277 1642 iterum
290 1579 455 1656 iterumque
467 1575 499 1636 in
511 1575 679 1636 memoriam
689 1580 845 1637 revosetur
856 1577 990 1640 effeetus
1002 1579 1059 1642 illa
1070 1599 1133 1659 paa-
1193 1596 1194 1664 1

170 1681 227 1741 eati
247 1677 388 1750 mortalis,
412 1695 526 1754 nempe,
549 1674 692 1736 extinctio
712 1675 746 1736 in
766 1675 865 1737 anima
888 1679 1001 1754 gratim
1029 1679 1133 1740 saneti·

169 1778 283 1840 fluentis
309 1795 376 1838 eum
403 1774 536 1836 omnibus
555 1773 640 1838 bonis
659 1771 725 1854 ‘qum
748 1795 813 1836 eam
832 1776 1038 1843 emuntur:
1061 1780 1092 1840 d.
1108 1783 1133 1852 9,

169 1900 199 1941 n.
216 1884 244 1950 9,
260 1880 311 1940 ue.
1194 1868 1195 1932 l

211 1981 260 2037 45.
277 1977 317 2036 2⁰.
338 1973 441 2034 Altera
453 1973 498 2034 ast
509 1969 718 2052 interpretatio,
733 1974 895 2036 seeundum
909 1996 1006 2055 qnam
1019 1997 1082 2040 non
1094 1977 1132 2037 lo

170 2077 272 2156 quitur
284 2074 442 2154 Apostolus
455 2075 492 2134 de
505 2073 585 2134 omni
597 2079 628 2136 et
641 2075 744 2155 quovis
753 2076 845 2154 justo,
866 2095 928 2138 non
941 2079 982 2138 de
990 2078 1079 2157 justo
1091 2079 1132 2156 ig·
1195 2140 1196 2190 1

170 2196 254 2250 novo,
267 2175 376 2254 tepido,
386 2173 436 2234 sed
453 2174 488 2234 de
496 2172 579 2252 justo
589 2173 641 2252 qui
650 2173 742 2236 vitam
751 2174 937 2237 dueitaetiva
943 2178 1074 2254 justam,
1083 2176 1132 2256 qni

171 2277 326 2354 diligenter
338 2277 368 2334 et
381 2275 545 2335 constanter
553 2273 648 2333 media
657 2274 777 2336 adhibet
790 2275 918 2337 effioaeia
931 2278 971 2338 ad
980 2279 996 2357 j
1000 2279 1131 2341 mutim

172 2396 255 2436 suam
288 2372 515 2434 conservandam
547 2375 577 2431 et
609 2373 781 2449 augendam,
820 2375 990 2438 oeensiones
1019 2377 1131 2457 paooati

172 2475 302 2549 vitando,
319 2471 436 2545 orendo,
452 2474 504 2533 de.
544 2472 590 2532 De
610 2473 753 2550 ejusmodi
772 2474 856 2552 justo
875 2475 1068 2538 verismmnm
1088 2479 1131 2537 est

166 2595 239 2638 eum
253 2593 312 2634 non
323 2590 407 2651 pesse
427 2589 546 2650 peeeare
564 2570 704 2649 quamdiu
723 2571 767 2633 ite
786 2572 872 2635 vivit.
915 2575 1022 2636 Omnis
1031 2577 1131 2655 justus

61 2660 64 2668 ’
174 2679 225 2758 qui
238 2675 383 2757 ajustitia
396 2674 507 2736 exeidit
519 2675 584 2736 ideo
598 2675 709 2737 exoidit
720 2675 791 2754 quia
802 2696 861 2737 non
875 2677 1017 2740 adhibuit
1035 2679 1130 2740 media

173 2781 263 2840 aDeo
274 2775 433 2839 constituta
446 2775 483 2835 ad
492 2773 642 2853 justitiam
650 2775 830 2838 sanandam:
871 2777 1031 2840 Alterutra
1038 2777 1127 2839 inler-

53 2907 56 2913 ·
172 2876 333 2955 pretatione
347 2873 471 2934 solvitur
484 2873 618 2952 objeotio.·

213 2982 261 3038 46.
290 2976 388 3054 osseos.
407 2980 434 3035 5.
460 2975 540 3035 “Ex
554 2959 638 3035 nobis
656 2975 837 3055 prodierunt,
855 2977 907 3037 sed
919 2997 980 3039 non
994 2983 1080 3041 erant
1092 3000 1128 3041 ax

173 3077 277 3138 nobis:
310 3095 379 3136 nam
403 3073 429 3134 si
452 3074 578 3136 fuissent
599 3093 637 3136 ax
658 3076 751 3151 nobis,
776 3076 1004 3156 permansissent
1024 3080 1128 3160 ntique

173 3176 322 3238 nobiseum
338 3194 346 3236 z
367 3174 417 3236 sed
429 3176 465 3234 ut
477 3173 624 3235 manifesti
646 3174 704 3236 sint
723 3175 860 3254 quoniam
872 3197 933 3238 non
946 3181 1018 3240 sunt
1029 3198 1128 3240 omnes

173 3274 340 3336 esnebis.”
363 3265 477 3334 lloan.
493 3271 526 3332 ii.
549 3275 593 3335 19.
636 3275 715 3351 Ergo
739 3273 791 3353 qui
815 3295 833 3337 a
853 3276 974 3354 justitia
994 3277 1127 3342 auidae

172 3379 309 3442 videntur
322 3395 420 3456 reapse
433 3377 618 3439 noniuarnnt
626 3397 694 3440 vera
703 3379 790 3458 justi.

214 3479 262 3540 47.
287 3477 374 3554 nep.
398 3477 499 3538 Sermo
521 3479 567 3539 est
586 3476 636 3538 hie
659 3496 718 3539 non
740 3479 777 3540 de
794 3478 832 3540 iis
854 3479 907 3559 qni
926 3481 1128 3560 quovismodo

174 3583 305 3661 peeoant,
320 3580 420 3643 sedda
433 3580 572 3660 apostatis
585 3582 680 3645 adde.
721 3582 879 3662 Distinguo
897 3603 1000 3647 verum
1012 3605 1128 3649 sensum

174 3682 277 3738 textus
299 3699 316 3738 a
338 3678 429 3739 falsos
449 3680 516 3740 Non
539 3683 622 3741 erent
643 3700 681 3742 ex
695 3682 788 3760 [nobis
810 3683 955 3760 fidelibus,
979 3705 1126 3766 nunqnam
