<?xml version="1.0" encoding="UTF-8"?>
<!DOCTYPE html PUBLIC "-//W3C//DTD XHTML 1.0 Transitional//EN"
    "http://www.w3.org/TR/xhtml1/DTD/xhtml1-transitional.dtd">
<html xmlns="http://www.w3.org/1999/xhtml" xml:lang="en" lang="en">
 <head>
  <title>
</title>
<meta http-equiv="Content-Type" content="text/html;charset=utf-8" />
  <meta name='ocr-system' content='tesseract 3.04.00' />
  <meta name='ocr-capabilities' content='ocr_page ocr_carea ocr_par ocr_line ocrx_word'/>
</head>
<body>
  <div class='ocr_page' id='page_1' title='image "./tractatusdegrat00murrgoog_0024.png"; bbox 0 0 2410 4314; ppageno 0'>
   <div class='ocr_carea' id='block_1_1' title="bbox 90 417 1054 508">
    <p class='ocr_par' dir='ltr' id='par_1_1' title="bbox 90 417 1054 508">
     <span class='ocr_line' id='line_1_1' title="bbox 90 417 1054 508; baseline 0 -24"><span class='ocrx_word' id='word_1_1' title='bbox 90 439 184 485; x_wconf 78' lang='lat' dir='ltr'>nrsr.</span> <span class='ocrx_word' id='word_1_2' title='bbox 208 417 248 508; x_wconf 75' lang='lat' dir='ltr'>n]</span> <span class='ocrx_word' id='word_1_3' title='bbox 402 419 561 484; x_wconf 77' lang='lat' dir='ltr'>Notzones</span> <span class='ocrx_word' id='word_1_4' title='bbox 581 417 730 484; x_wconf 77' lang='lat' dir='ltr'>Proevr‘oe.</span> <span class='ocrx_word' id='word_1_5' title='bbox 1035 444 1054 504; x_wconf 88' lang='lat'>9</span> 
     </span>
    </p>
   </div>
   <div class='ocr_carea' id='block_1_2' title="bbox 94 583 1144 3362">
    <p class='ocr_par' dir='ltr' id='par_1_2' title="bbox 94 583 1059 1362">
     <span class='ocr_line' id='line_1_2' title="bbox 139 583 1054 662; baseline 0.003 -19"><span class='ocrx_word' id='word_1_6' title='bbox 139 589 186 643; x_wconf 84' lang='lat' dir='ltr'>lo.</span> <span class='ocrx_word' id='word_1_7' title='bbox 206 585 294 661; x_wconf 78' lang='lat' dir='ltr'>Reep.</span> <span class='ocrx_word' id='word_1_8' title='bbox 316 583 382 645; x_wconf 91' lang='lat' dir='ltr'>Hoc</span> <span class='ocrx_word' id='word_1_9' title='bbox 397 587 492 645; x_wconf 90' lang='lat' dir='ltr'>totum</span> <span class='ocrx_word' id='word_1_10' title='bbox 512 584 620 662; x_wconf 82' lang='lat' dir='ltr'>pendet</span> <span class='ocrx_word' id='word_1_11' title='bbox 633 605 671 645; x_wconf 84' lang='lat' dir='ltr'>ex</span> <span class='ocrx_word' id='word_1_12' title='bbox 688 585 747 646; x_wconf 87' lang='lat' dir='ltr'>fine</span> <span class='ocrx_word' id='word_1_13' title='bbox 761 584 901 662; x_wconf 72' lang='lat' dir='ltr'>operantis</span> <span class='ocrx_word' id='word_1_14' title='bbox 916 584 971 644; x_wconf 89' lang='lat' dir='ltr'>Dei</span> <span class='ocrx_word' id='word_1_15' title='bbox 987 608 995 658; x_wconf 82' lang='lat'>3</span> <span class='ocrx_word' id='word_1_16' title='bbox 1016 591 1054 659; x_wconf 90' lang='lat' dir='ltr'>et,</span> 
     </span>
     <span class='ocr_line' id='line_1_3' title="bbox 94 683 1057 763; baseline 0.002 -20"><span class='ocrx_word' id='word_1_17' title='bbox 94 683 131 756; x_wconf 83' lang='lat' dir='ltr'>si,</span> <span class='ocrx_word' id='word_1_18' title='bbox 146 686 182 745; x_wconf 91' lang='lat' dir='ltr'>ut</span> <span class='ocrx_word' id='word_1_19' title='bbox 192 683 255 762; x_wconf 84' lang='lat' dir='ltr'>jam</span> <span class='ocrx_word' id='word_1_20' title='bbox 271 683 313 762; x_wconf 86' lang='lat' dir='ltr'>(n.</span> <span class='ocrx_word' id='word_1_21' title='bbox 331 685 381 758; x_wconf 90' lang='grc'>13)</span> <span class='ocrx_word' id='word_1_22' title='bbox 397 684 575 757; x_wconf 87' lang='lat' dir='ltr'>dictumest,</span> <span class='ocrx_word' id='word_1_23' title='bbox 592 685 672 744; x_wconf 81' lang='lat' dir='ltr'>Deus</span> <span class='ocrx_word' id='word_1_24' title='bbox 696 690 775 745; x_wconf 88' lang='lat' dir='ltr'>creet</span> <span class='ocrx_word' id='word_1_25' title='bbox 797 684 907 763; x_wconf 82' lang='lat' dir='ltr'>aliquid</span> <span class='ocrx_word' id='word_1_26' title='bbox 920 686 956 744; x_wconf 82' lang='lat' dir='ltr'>ed</span> <span class='ocrx_word' id='word_1_27' title='bbox 969 685 1057 746; x_wconf 89' lang='lat' dir='ltr'><strong>finem</strong></span> 
     </span>
     <span class='ocr_line' id='line_1_4' title="bbox 94 783 1057 862; baseline 0.001 -19"><span class='ocrx_word' id='word_1_28' title='bbox 94 787 210 844; x_wconf 87' lang='lat' dir='ltr'>certum</span> <span class='ocrx_word' id='word_1_29' title='bbox 232 786 263 843; x_wconf 92' lang='lat' dir='ltr'>et</span> <span class='ocrx_word' id='word_1_30' title='bbox 288 783 452 858; x_wconf 87' lang='lat' dir='ltr'>definitum,</span> <span class='ocrx_word' id='word_1_31' title='bbox 475 784 571 844; x_wconf 87' lang='lat' dir='ltr'>media</span> <span class='ocrx_word' id='word_1_32' title='bbox 595 785 661 844; x_wconf 87' lang='lat' dir='ltr'>dare</span> <span class='ocrx_word' id='word_1_33' title='bbox 684 786 768 846; x_wconf 88' lang='lat' dir='ltr'>debet</span> <span class='ocrx_word' id='word_1_34' title='bbox 791 784 897 862; x_wconf 86' lang='lat' dir='ltr'>quibus</span> <span class='ocrx_word' id='word_1_35' title='bbox 918 785 986 844; x_wconf 81' lang='lat' dir='ltr'>finis</span> <span class='ocrx_word' id='word_1_36' title='bbox 1007 785 1057 844; x_wconf 86' lang='lat' dir='ltr'>ille</span> 
     </span>
     <span class='ocr_line' id='line_1_5' title="bbox 95 881 1056 962; baseline 0.001 -20"><span class='ocrx_word' id='word_1_37' title='bbox 95 881 207 959; x_wconf 80' lang='lat' dir='ltr'>attingi</span> <span class='ocrx_word' id='word_1_38' title='bbox 221 882 318 960; x_wconf 85' lang='lat' dir='ltr'>possit</span> <span class='ocrx_word' id='word_1_39' title='bbox 361 883 418 942; x_wconf 83' lang='lat' dir='ltr'>Sed</span> <span class='ocrx_word' id='word_1_40' title='bbox 432 887 561 961; x_wconf 83' lang='lat' dir='ltr'>spectato</span> <span class='ocrx_word' id='word_1_41' title='bbox 574 883 633 944; x_wconf 90' lang='lat' dir='ltr'>fine</span> <span class='ocrx_word' id='word_1_42' title='bbox 648 885 745 962; x_wconf 60' lang='lat' dir='ltr'>operti,</span> <span class='ocrx_word' id='word_1_43' title='bbox 763 902 847 944; x_wconf 88' lang='lat' dir='ltr'>omne</span> <span class='ocrx_word' id='word_1_44' title='bbox 862 904 912 944; x_wconf 80' lang='lat' dir='ltr'>ens</span> <span class='ocrx_word' id='word_1_45' title='bbox 929 889 1056 945; x_wconf 80' lang='lat' dir='ltr'>creatum</span> 
     </span>
     <span class='ocr_line' id='line_1_6' title="bbox 97 980 1058 1063; baseline 0.001 -19"><span class='ocrx_word' id='word_1_46' title='bbox 97 984 272 1044; x_wconf 81' lang='lat' dir='ltr'>manifestat</span> <span class='ocrx_word' id='word_1_47' title='bbox 285 983 526 1062; x_wconf 80' lang='lat' dir='ltr'>omnipotentiam</span> <span class='ocrx_word' id='word_1_48' title='bbox 547 983 612 1057; x_wconf 88' lang='lat' dir='ltr'>Dei,</span> <span class='ocrx_word' id='word_1_49' title='bbox 634 1004 817 1063; x_wconf 88' lang='lat' dir='ltr'>quocumque</span> <span class='ocrx_word' id='word_1_50' title='bbox 836 980 921 1045; x_wconf 89' lang='lat' dir='ltr'>modo</span> <span class='ocrx_word' id='word_1_51' title='bbox 935 990 1058 1062; x_wconf 75' lang='lat' dir='ltr'>creetur,</span> 
     </span>
     <span class='ocr_line' id='line_1_7' title="bbox 95 1084 1056 1163; baseline -0.002 -17"><span class='ocrx_word' id='word_1_52' title='bbox 95 1085 159 1146; x_wconf 89' lang='lat' dir='ltr'>Hic</span> <span class='ocrx_word' id='word_1_53' title='bbox 173 1089 217 1145; x_wconf 82' lang='lat' dir='ltr'>est</span> <span class='ocrx_word' id='word_1_54' title='bbox 238 1085 305 1144; x_wconf 86' lang='lat' dir='ltr'>finis</span> <span class='ocrx_word' id='word_1_55' title='bbox 328 1084 491 1146; x_wconf 71' lang='lat' dir='ltr'>intrinsecos</span> <span class='ocrx_word' id='word_1_56' title='bbox 513 1084 605 1144; x_wconf 80' lang='lat' dir='ltr'>omnio</span> <span class='ocrx_word' id='word_1_57' title='bbox 629 1085 704 1144; x_wconf 87' lang='lat' dir='ltr'>entis</span> <span class='ocrx_word' id='word_1_58' title='bbox 730 1085 835 1159; x_wconf 78' lang='lat' dir='ltr'>oreati3</span> <span class='ocrx_word' id='word_1_59' title='bbox 857 1085 936 1163; x_wconf 91' lang='lat' dir='ltr'>quod</span> <span class='ocrx_word' id='word_1_60' title='bbox 960 1091 1056 1146; x_wconf 83' lang='lat' dir='ltr'>autern</span> 
     </span>
     <span class='ocr_line' id='line_1_8' title="bbox 98 1183 1059 1264; baseline 0.001 -21"><span class='ocrx_word' id='word_1_61' title='bbox 98 1183 251 1245; x_wconf 85' lang='lat' dir='ltr'>ordinetur</span> <span class='ocrx_word' id='word_1_62' title='bbox 262 1185 297 1244; x_wconf 82' lang='lat' dir='ltr'>ad</span> <span class='ocrx_word' id='word_1_63' title='bbox 310 1185 389 1244; x_wconf 92' lang='lat' dir='ltr'>hunc</span> <span class='ocrx_word' id='word_1_64' title='bbox 405 1184 454 1244; x_wconf 88' lang='lat' dir='ltr'>vel</span> <span class='ocrx_word' id='word_1_65' title='bbox 473 1184 559 1244; x_wconf 91' lang='lat' dir='ltr'>illum</span> <span class='ocrx_word' id='word_1_66' title='bbox 573 1185 661 1245; x_wconf 88' lang='lat' dir='ltr'>finem</span> <span class='ocrx_word' id='word_1_67' title='bbox 675 1188 719 1245; x_wconf 85' lang='lat' dir='ltr'>est</span> <span class='ocrx_word' id='word_1_68' title='bbox 733 1184 805 1264; x_wconf 90' lang='lat' dir='ltr'>quid</span> <span class='ocrx_word' id='word_1_69' title='bbox 819 1186 1004 1247; x_wconf 74' lang='lat' dir='ltr'>cctm&#39;cecccm</span> <span class='ocrx_word' id='word_1_70' title='bbox 1021 1206 1059 1245; x_wconf 87' lang='lat' dir='ltr'>ex</span> 
     </span>
     <span class='ocr_line' id='line_1_9' title="bbox 97 1285 699 1362; baseline 0 -18"><span class='ocrx_word' id='word_1_71' title='bbox 97 1288 184 1362; x_wconf 84' lang='lat' dir='ltr'>parte</span> <span class='ocrx_word' id='word_1_72' title='bbox 200 1285 284 1358; x_wconf 86' lang='lat' dir='ltr'>entis,</span> <span class='ocrx_word' id='word_1_73' title='bbox 301 1289 330 1346; x_wconf 88' lang='lat' dir='ltr'>ct</span> <span class='ocrx_word' id='word_1_74' title='bbox 343 1286 471 1346; x_wconf 89' lang='lat' dir='ltr'>liberum</span> <span class='ocrx_word' id='word_1_75' title='bbox 486 1305 522 1345; x_wconf 86' lang='lat' dir='ltr'>ex</span> <span class='ocrx_word' id='word_1_76' title='bbox 538 1289 621 1362; x_wconf 85' lang='lat' dir='ltr'>purte</span> <span class='ocrx_word' id='word_1_77' title='bbox 635 1285 699 1345; x_wconf 91' lang='lat' dir='ltr'>Dei.</span> 
     </span>
    </p>

    <p class='ocr_par' dir='ltr' id='par_1_3' title="bbox 99 1385 1059 2346">
     <span class='ocr_line' id='line_1_10' title="bbox 147 1385 1058 1466; baseline 0.001 -20"><span class='ocrx_word' id='word_1_78' title='bbox 147 1389 193 1448; x_wconf 87' lang='grc'>17.</span> <span class='ocrx_word' id='word_1_79' title='bbox 221 1385 263 1453; x_wconf 79' lang='lat'>5⁰.</span> <span class='ocrx_word' id='word_1_80' title='bbox 290 1389 344 1448; x_wconf 79' lang='lat' dir='ltr'>nst</span> <span class='ocrx_word' id='word_1_81' title='bbox 367 1391 464 1448; x_wconf 83' lang='lat' dir='ltr'>autem</span> <span class='ocrx_word' id='word_1_82' title='bbox 487 1407 586 1447; x_wconf 81' lang='lat' dir='ltr'>sensus</span> <span class='ocrx_word' id='word_1_83' title='bbox 610 1396 715 1461; x_wconf 80' lang='lat' dir='ltr'>rect-ue,</span> <span class='ocrx_word' id='word_1_84' title='bbox 743 1387 774 1446; x_wconf 90' lang='lat' dir='ltr'>in</span> <span class='ocrx_word' id='word_1_85' title='bbox 798 1408 855 1466; x_wconf 92' lang='lat' dir='ltr'>quo</span> <span class='ocrx_word' id='word_1_86' title='bbox 879 1409 896 1448; x_wconf 84' lang='lat' dir='ltr'>c</span> <span class='ocrx_word' id='word_1_87' title='bbox 917 1388 1058 1465; x_wconf 80' lang='lat' dir='ltr'>theologis</span> 
     </span>
     <span class='ocr_line' id='line_1_11' title="bbox 99 1486 1058 1566; baseline 0 -20"><span class='ocrx_word' id='word_1_88' title='bbox 99 1486 215 1564; x_wconf 84' lang='lat' dir='ltr'>aliquid</span> <span class='ocrx_word' id='word_1_89' title='bbox 235 1486 345 1549; x_wconf 90' lang='lat' dir='ltr'>dicitur</span> <span class='ocrx_word' id='word_1_90' title='bbox 368 1507 429 1548; x_wconf 82' lang='lat' dir='ltr'>esse</span> <span class='ocrx_word' id='word_1_91' title='bbox 453 1487 584 1547; x_wconf 89' lang='lat' dir='ltr'>debitum</span> <span class='ocrx_word' id='word_1_92' title='bbox 606 1493 721 1559; x_wconf 79' lang='lat' dir='ltr'>ratume,</span> <span class='ocrx_word' id='word_1_93' title='bbox 742 1507 855 1566; x_wconf 88' lang='lat' dir='ltr'>nempe,</span> <span class='ocrx_word' id='word_1_94' title='bbox 874 1489 1058 1548; x_wconf 80' lang='lat' dir='ltr'>“secundum</span> 
     </span>
     <span class='ocr_line' id='line_1_12' title="bbox 100 1586 1058 1664; baseline 0 -18"><span class='ocrx_word' id='word_1_95' title='bbox 100 1586 297 1647; x_wconf 89' lang='lat' dir='ltr'>conditionem</span> <span class='ocrx_word' id='word_1_96' title='bbox 310 1591 438 1647; x_wconf 84' lang='lat' dir='ltr'>nuturae:</span> <span class='ocrx_word' id='word_1_97' title='bbox 458 1592 530 1664; x_wconf 86' lang='lat' dir='ltr'>puta</span> <span class='ocrx_word' id='word_1_98' title='bbox 544 1587 569 1646; x_wconf 84' lang='lat' dir='ltr'>si</span> <span class='ocrx_word' id='word_1_99' title='bbox 583 1587 711 1647; x_wconf 85' lang='lat' dir='ltr'>dicamus</span> <span class='ocrx_word' id='word_1_100' title='bbox 726 1587 858 1646; x_wconf 89' lang='lat' dir='ltr'>debitum</span> <span class='ocrx_word' id='word_1_101' title='bbox 870 1607 932 1646; x_wconf 81' lang='lat' dir='ltr'>esse</span> <span class='ocrx_word' id='word_1_102' title='bbox 946 1587 1058 1646; x_wconf 91' lang='lat' dir='ltr'>homini</span> 
     </span>
     <span class='ocr_line' id='line_1_13' title="bbox 102 1686 1057 1764; baseline 0.002 -20"><span class='ocrx_word' id='word_1_103' title='bbox 102 1686 181 1764; x_wconf 90' lang='lat' dir='ltr'>quod</span> <span class='ocrx_word' id='word_1_104' title='bbox 203 1686 310 1747; x_wconf 84' lang='lat' dir='ltr'>habeut</span> <span class='ocrx_word' id='word_1_105' title='bbox 333 1687 526 1759; x_wconf 85' lang='lat' dir='ltr'>intellectum,</span> <span class='ocrx_word' id='word_1_106' title='bbox 553 1687 743 1761; x_wconf 80' lang='lat' dir='ltr'>voluntatem,</span> <span class='ocrx_word' id='word_1_107' title='bbox 761 1687 862 1746; x_wconf 80' lang='lat' dir='ltr'>etalio</span> <span class='ocrx_word' id='word_1_108' title='bbox 877 1688 1057 1764; x_wconf 85' lang='lat' dir='ltr'>quaeadnu-</span> 
     </span>
     <span class='ocr_line' id='line_1_14' title="bbox 100 1786 1058 1865; baseline 0.002 -20"><span class='ocrx_word' id='word_1_109' title='bbox 100 1786 363 1847; x_wconf 82' lang='lat' dir='ltr'>turamhumanam</span> <span class='ocrx_word' id='word_1_110' title='bbox 373 1787 522 1865; x_wconf 88' lang='lat' dir='ltr'>pertinent</span> <span class='ocrx_word' id='word_1_111' title='bbox 523 1831 652 1861; x_wconf 87' lang='grc'><strong>.....</strong></span> <span class='ocrx_word' id='word_1_112' title='bbox 675 1787 1058 1864; x_wconf 78' lang='lat' dir='ltr'>nonquasiDeusorecturae</span> 
     </span>
     <span class='ocr_line' id='line_1_15' title="bbox 101 1885 1057 1966; baseline 0.003 -22"><span class='ocrx_word' id='word_1_113' title='bbox 101 1885 256 1962; x_wconf 86' lang='lat' dir='ltr'>obligetur,</span> <span class='ocrx_word' id='word_1_114' title='bbox 273 1887 322 1947; x_wconf 81' lang='lat' dir='ltr'>ced</span> <span class='ocrx_word' id='word_1_115' title='bbox 336 1887 406 1966; x_wconf 86' lang='lat' dir='ltr'>quic</span> <span class='ocrx_word' id='word_1_116' title='bbox 416 1887 531 1965; x_wconf 74' lang='lat' dir='ltr'>jurium</span> <span class='ocrx_word' id='word_1_117' title='bbox 545 1890 589 1946; x_wconf 79' lang='lat' dir='ltr'>est</span> <span class='ocrx_word' id='word_1_118' title='bbox 602 1893 637 1946; x_wconf 94' lang='lat' dir='ltr'>ut</span> <span class='ocrx_word' id='word_1_119' title='bbox 650 1887 714 1964; x_wconf 84' lang='lat' dir='ltr'>ejus</span> <span class='ocrx_word' id='word_1_120' title='bbox 723 1886 870 1946; x_wconf 85' lang='lat' dir='ltr'>ordinatio</span> <span class='ocrx_word' id='word_1_121' title='bbox 884 1887 1057 1964; x_wconf 77' lang='lat' dir='ltr'>implectur5</span> 
     </span>
     <span class='ocr_line' id='line_1_16' title="bbox 103 1986 1058 2064; baseline 0.002 -20"><span class='ocrx_word' id='word_1_122' title='bbox 103 2005 168 2062; x_wconf 89' lang='lat' dir='ltr'>quae</span> <span class='ocrx_word' id='word_1_123' title='bbox 193 1987 311 2064; x_wconf 90' lang='lat' dir='ltr'>quidem</span> <span class='ocrx_word' id='word_1_124' title='bbox 328 1986 396 2046; x_wconf 83' lang='lat' dir='ltr'>talis</span> <span class='ocrx_word' id='word_1_125' title='bbox 417 1991 469 2059; x_wconf 83' lang='lat' dir='ltr'>est,</span> <span class='ocrx_word' id='word_1_126' title='bbox 486 1991 521 2046; x_wconf 92' lang='lat' dir='ltr'>nt</span> <span class='ocrx_word' id='word_1_127' title='bbox 541 1987 608 2045; x_wconf 83' lang='lat' dir='ltr'>talis</span> <span class='ocrx_word' id='word_1_128' title='bbox 630 1989 735 2046; x_wconf 80' lang='lat' dir='ltr'>nature</span> <span class='ocrx_word' id='word_1_129' title='bbox 754 1986 827 2046; x_wconf 83' lang='lat' dir='ltr'>tales</span> <span class='ocrx_word' id='word_1_130' title='bbox 840 1987 946 2047; x_wconf 83' lang='lat' dir='ltr'>habeat</span> <span class='ocrx_word' id='word_1_131' title='bbox 960 1987 1058 2047; x_wconf 92' lang='lat' dir='ltr'>condi-</span> 
     </span>
     <span class='ocr_line' id='line_1_17' title="bbox 102 2084 1059 2164; baseline 0.003 -21"><span class='ocrx_word' id='word_1_132' title='bbox 102 2084 196 2146; x_wconf 83' lang='lat' dir='ltr'>tiones</span> <span class='ocrx_word' id='word_1_133' title='bbox 218 2107 267 2146; x_wconf 82' lang='lat' dir='ltr'>seu</span> <span class='ocrx_word' id='word_1_134' title='bbox 289 2085 508 2164; x_wconf 81' lang='lat' dir='ltr'>proprietateo.”</span> <span class='ocrx_word' id='word_1_135' title='bbox 560 2087 695 2161; x_wconf 70' lang='lat' dir='ltr'>simus,</span> <span class='ocrx_word' id='word_1_136' title='bbox 711 2087 731 2147; x_wconf 90' lang='lat' dir='ltr'>l.</span> <span class='ocrx_word' id='word_1_137' title='bbox 747 2107 771 2146; x_wconf 90' lang='lat' dir='ltr'>c.</span> <span class='ocrx_word' id='word_1_138' title='bbox 813 2088 860 2146; x_wconf 87' lang='lat' dir='ltr'>Ex</span> <span class='ocrx_word' id='word_1_139' title='bbox 882 2088 938 2147; x_wconf 83' lang='lat' dir='ltr'>isto</span> <span class='ocrx_word' id='word_1_140' title='bbox 963 2087 1059 2147; x_wconf 88' lang='lat' dir='ltr'>debito</span> 
     </span>
     <span class='ocr_line' id='line_1_18' title="bbox 103 2184 1059 2265; baseline 0.004 -21"><span class='ocrx_word' id='word_1_141' title='bbox 103 2184 196 2245; x_wconf 89' lang='lat' dir='ltr'>oritur</span> <span class='ocrx_word' id='word_1_142' title='bbox 219 2186 487 2264; x_wconf 61' lang='lat' dir='ltr'>apenninarum</span> <span class='ocrx_word' id='word_1_143' title='bbox 510 2188 545 2246; x_wconf 92' lang='lat' dir='ltr'>ut</span> <span class='ocrx_word' id='word_1_144' title='bbox 565 2185 596 2245; x_wconf 89' lang='lat' dir='ltr'>id</span> <span class='ocrx_word' id='word_1_145' title='bbox 620 2187 725 2247; x_wconf 81' lang='lat' dir='ltr'>habeat</span> <span class='ocrx_word' id='word_1_146' title='bbox 748 2188 824 2265; x_wconf 93' lang='lat' dir='ltr'>quod</span> <span class='ocrx_word' id='word_1_147' title='bbox 850 2189 876 2246; x_wconf 90' lang='lat' dir='ltr'>ei</span> <span class='ocrx_word' id='word_1_148' title='bbox 898 2189 952 2248; x_wconf 90' lang='lat' dir='ltr'>hoc</span> <span class='ocrx_word' id='word_1_149' title='bbox 975 2189 1059 2248; x_wconf 91' lang='lat' dir='ltr'>modo</span> 
     </span>
     <span class='ocr_line' id='line_1_19' title="bbox 105 2284 235 2346; baseline 0.008 -2"><span class='ocrx_word' id='word_1_150' title='bbox 105 2284 235 2346; x_wconf 86' lang='lat' dir='ltr'>debetur.</span> 
     </span>
    </p>

    <p class='ocr_par' dir='ltr' id='par_1_4' title="bbox 105 2384 1144 3362">
     <span class='ocr_line' id='line_1_20' title="bbox 150 2384 1056 2460; baseline 0.003 -16"><span class='ocrx_word' id='word_1_151' title='bbox 150 2391 196 2446; x_wconf 83' lang='lat'>18.</span> <span class='ocrx_word' id='word_1_152' title='bbox 217 2384 310 2444; x_wconf 88' lang='lat' dir='ltr'>Aliud</span> <span class='ocrx_word' id='word_1_153' title='bbox 333 2389 377 2444; x_wconf 83' lang='lat' dir='ltr'>est</span> <span class='ocrx_word' id='word_1_154' title='bbox 398 2385 528 2444; x_wconf 89' lang='lat' dir='ltr'>debitum</span> <span class='ocrx_word' id='word_1_155' title='bbox 542 2384 644 2460; x_wconf 72' lang='lat' dir='ltr'>speciei</span> <span class='ocrx_word' id='word_1_156' title='bbox 661 2385 741 2444; x_wconf 84' lang='lat' dir='ltr'>uliud</span> <span class='ocrx_word' id='word_1_157' title='bbox 756 2385 885 2445; x_wconf 89' lang='lat' dir='ltr'>debitum</span> <span class='ocrx_word' id='word_1_158' title='bbox 901 2386 1056 2447; x_wconf 73' lang='lat' dir='ltr'>individuo,</span> 
     </span>
     <span class='ocr_line' id='line_1_21' title="bbox 106 2471 1144 2564; baseline -0.005 -14"><span class='ocrx_word' id='word_1_159' title='bbox 106 2488 161 2564; x_wconf 77' lang='lat' dir='ltr'>sie,</span> <span class='ocrx_word' id='word_1_160' title='bbox 175 2484 289 2546; x_wconf 87' lang='lat' dir='ltr'>homini</span> <span class='ocrx_word' id='word_1_161' title='bbox 310 2485 431 2545; x_wconf 88' lang='lat' dir='ltr'>debetur</span> <span class='ocrx_word' id='word_1_162' title='bbox 453 2488 488 2544; x_wconf 93' lang='lat' dir='ltr'>ut</span> <span class='ocrx_word' id='word_1_163' title='bbox 511 2485 617 2544; x_wconf 85' lang='lat' dir='ltr'>habeat</span> <span class='ocrx_word' id='word_1_164' title='bbox 640 2484 766 2543; x_wconf 82' lang='lat' dir='ltr'>animam</span> <span class='ocrx_word' id='word_1_165' title='bbox 780 2485 959 2559; x_wconf 86' lang='lat' dir='ltr'>rationalem,</span> <span class='ocrx_word' id='word_1_166' title='bbox 986 2488 1057 2546; x_wconf 85' lang='lat' dir='ltr'>duos</span> <span class='ocrx_word' id='word_1_167' title='bbox 1142 2471 1144 2475; x_wconf 66' lang='lat'>,</span> 
     </span>
     <span class='ocr_line' id='line_1_22' title="bbox 105 2584 1057 2661; baseline -0.006 -11"><span class='ocrx_word' id='word_1_168' title='bbox 105 2588 210 2659; x_wconf 79' lang='lat' dir='ltr'>oculos,</span> <span class='ocrx_word' id='word_1_169' title='bbox 224 2604 336 2658; x_wconf 84' lang='lat' dir='ltr'>manus,</span> <span class='ocrx_word' id='word_1_170' title='bbox 354 2589 402 2644; x_wconf 83' lang='lat' dir='ltr'>&amp;c</span> <span class='ocrx_word' id='word_1_171' title='bbox 445 2586 502 2644; x_wconf 88' lang='lat' dir='ltr'>Sed</span> <span class='ocrx_word' id='word_1_172' title='bbox 522 2585 576 2644; x_wconf 92' lang='lat' dir='ltr'>hoc</span> <span class='ocrx_word' id='word_1_173' title='bbox 594 2584 698 2660; x_wconf 84' lang='lat' dir='ltr'>speciei</span> <span class='ocrx_word' id='word_1_174' title='bbox 718 2585 850 2658; x_wconf 88' lang='lat' dir='ltr'>debetur,</span> <span class='ocrx_word' id='word_1_175' title='bbox 863 2586 905 2644; x_wconf 87' lang='lat' dir='ltr'>ita</span> <span class='ocrx_word' id='word_1_176' title='bbox 918 2590 953 2644; x_wconf 93' lang='lat' dir='ltr'>ut</span> <span class='ocrx_word' id='word_1_177' title='bbox 966 2606 1057 2661; x_wconf 83' lang='lat' dir='ltr'>genus</span> 
     </span>
     <span class='ocr_line' id='line_1_23' title="bbox 105 2684 1058 2761; baseline -0.007 -12"><span class='ocrx_word' id='word_1_178' title='bbox 105 2690 267 2748; x_wconf 81' lang='lat' dir='ltr'>humanum</span> <span class='ocrx_word' id='word_1_179' title='bbox 281 2704 315 2744; x_wconf 87' lang='lat' dir='ltr'>ea</span> <span class='ocrx_word' id='word_1_180' title='bbox 328 2684 425 2743; x_wconf 85' lang='lat' dir='ltr'>omnia</span> <span class='ocrx_word' id='word_1_181' title='bbox 439 2703 552 2761; x_wconf 80' lang='lat' dir='ltr'>semper</span> <span class='ocrx_word' id='word_1_182' title='bbox 565 2684 687 2743; x_wconf 82' lang='lat' dir='ltr'>habeat:</span> <span class='ocrx_word' id='word_1_183' title='bbox 712 2684 761 2743; x_wconf 80' lang='lat' dir='ltr'>sed</span> <span class='ocrx_word' id='word_1_184' title='bbox 776 2703 834 2742; x_wconf 88' lang='lat' dir='ltr'>non</span> <span class='ocrx_word' id='word_1_185' title='bbox 849 2685 970 2743; x_wconf 87' lang='lat' dir='ltr'>debetur</span> <span class='ocrx_word' id='word_1_186' title='bbox 983 2684 1058 2742; x_wconf 86' lang='lat' dir='ltr'>indi·</span> 
     </span>
     <span class='ocr_line' id='line_1_24' title="bbox 106 2779 1058 2858; baseline -0.004 -14"><span class='ocrx_word' id='word_1_187' title='bbox 106 2783 211 2856; x_wconf 85' lang='lat' dir='ltr'>viduis,</span> <span class='ocrx_word' id='word_1_188' title='bbox 228 2800 351 2858; x_wconf 89' lang='lat' dir='ltr'>quorum</span> <span class='ocrx_word' id='word_1_189' title='bbox 365 2779 483 2857; x_wconf 82' lang='lat' dir='ltr'>quidam</span> <span class='ocrx_word' id='word_1_190' title='bbox 506 2783 666 2839; x_wconf 81' lang='lat' dir='ltr'>nuscuntur</span> <span class='ocrx_word' id='word_1_191' title='bbox 690 2785 720 2840; x_wconf 89' lang='lat' dir='ltr'>et</span> <span class='ocrx_word' id='word_1_192' title='bbox 736 2785 855 2840; x_wconf 85' lang='lat' dir='ltr'>mouent</span> <span class='ocrx_word' id='word_1_193' title='bbox 878 2780 955 2853; x_wconf 76' lang='lat' dir='ltr'>ceci,</span> <span class='ocrx_word' id='word_1_194' title='bbox 969 2781 1058 2854; x_wconf 83' lang='lat' dir='ltr'>surdi,</span> 
     </span>
     <span class='ocr_line' id='line_1_25' title="bbox 106 2882 1061 2962; baseline -0.002 -16"><span class='ocrx_word' id='word_1_195' title='bbox 106 2890 155 2946; x_wconf 77' lang='lat' dir='ltr'>dcc.</span> <span class='ocrx_word' id='word_1_196' title='bbox 209 2884 356 2944; x_wconf 77' lang='lat' dir='ltr'>concursu</span> <span class='ocrx_word' id='word_1_197' title='bbox 381 2882 437 2941; x_wconf 86' lang='lat' dir='ltr'>Dei</span> <span class='ocrx_word' id='word_1_198' title='bbox 461 2882 590 2958; x_wconf 81' lang='lat' dir='ltr'>generali</span> <span class='ocrx_word' id='word_1_199' title='bbox 619 2886 753 2942; x_wconf 77' lang='lat' dir='ltr'>servatur</span> <span class='ocrx_word' id='word_1_200' title='bbox 775 2902 808 2942; x_wconf 87' lang='lat' dir='ltr'>ec</span> <span class='ocrx_word' id='word_1_201' title='bbox 829 2903 918 2960; x_wconf 85' lang='lat' dir='ltr'>quam</span> <span class='ocrx_word' id='word_1_202' title='bbox 951 2885 1061 2962; x_wconf 80' lang='lat' dir='ltr'>species</span> 
     </span>
     <span class='ocr_line' id='line_1_26' title="bbox 107 2981 1060 3062; baseline -0.001 -16"><span class='ocrx_word' id='word_1_203' title='bbox 107 2987 194 3046; x_wconf 85' lang='lat' dir='ltr'>hebet</span> <span class='ocrx_word' id='word_1_204' title='bbox 208 2985 378 3058; x_wconf 82' lang='lat' dir='ltr'>integritas:</span> <span class='ocrx_word' id='word_1_205' title='bbox 403 2982 452 3042; x_wconf 83' lang='lat' dir='ltr'>sed</span> <span class='ocrx_word' id='word_1_206' title='bbox 465 2981 670 3042; x_wconf 82' lang='lat' dir='ltr'>interveniunt</span> <span class='ocrx_word' id='word_1_207' title='bbox 683 2983 841 3060; x_wconf 81' lang='lat' dir='ltr'>aliquando</span> <span class='ocrx_word' id='word_1_208' title='bbox 855 3003 948 3044; x_wconf 76' lang='lat' dir='ltr'>causeo</span> <span class='ocrx_word' id='word_1_209' title='bbox 962 2985 1060 3062; x_wconf 83' lang='lat' dir='ltr'>singu-</span> 
     </span>
     <span class='ocr_line' id='line_1_27' title="bbox 107 3081 1060 3160; baseline 0 -16"><span class='ocrx_word' id='word_1_210' title='bbox 107 3085 188 3154; x_wconf 79' lang='lat' dir='ltr'>lares,</span> <span class='ocrx_word' id='word_1_211' title='bbox 205 3083 313 3160; x_wconf 85' lang='lat' dir='ltr'>quibus</span> <span class='ocrx_word' id='word_1_212' title='bbox 327 3082 396 3140; x_wconf 87' lang='lat' dir='ltr'>crdo</span> <span class='ocrx_word' id='word_1_213' title='bbox 410 3081 552 3157; x_wconf 82' lang='lat' dir='ltr'>generalis</span> <span class='ocrx_word' id='word_1_214' title='bbox 574 3082 606 3140; x_wconf 90' lang='lat' dir='ltr'>in</span> <span class='ocrx_word' id='word_1_215' title='bbox 628 3081 677 3141; x_wconf 84' lang='lat' dir='ltr'>his</span> <span class='ocrx_word' id='word_1_216' title='bbox 701 3087 731 3142; x_wconf 90' lang='lat' dir='ltr'>et</span> <span class='ocrx_word' id='word_1_217' title='bbox 744 3083 811 3142; x_wconf 71' lang='lat' dir='ltr'>&#39;illis</span> <span class='ocrx_word' id='word_1_218' title='bbox 825 3084 833 3142; x_wconf 92' lang='lat' dir='ltr'>i</span> <span class='ocrx_word' id='word_1_219' title='bbox 838 3084 985 3144; x_wconf 87' lang='lat' dir='ltr'>ndividuis</span> <span class='ocrx_word' id='word_1_220' title='bbox 999 3090 1060 3144; x_wconf 88' lang='lat' dir='ltr'>tur·</span> 
     </span>
     <span class='ocr_line' id='line_1_28' title="bbox 107 3181 1062 3259; baseline 0 -16"><span class='ocrx_word' id='word_1_221' title='bbox 107 3185 202 3257; x_wconf 84' lang='lat' dir='ltr'>batur,</span> <span class='ocrx_word' id='word_1_222' title='bbox 227 3201 292 3259; x_wconf 83' lang='lat' dir='ltr'>quae</span> <span class='ocrx_word' id='word_1_223' title='bbox 316 3185 352 3240; x_wconf 88' lang='lat' dir='ltr'>ut</span> <span class='ocrx_word' id='word_1_224' title='bbox 372 3181 586 3258; x_wconf 87' lang='lat' dir='ltr'>impedirentur</span> <span class='ocrx_word' id='word_1_225' title='bbox 608 3182 787 3242; x_wconf 73' lang='lat' dir='ltr'>necessarius</span> <span class='ocrx_word' id='word_1_226' title='bbox 810 3189 885 3243; x_wconf 84' lang='lat' dir='ltr'>esset</span> <span class='ocrx_word' id='word_1_227' title='bbox 907 3205 1062 3244; x_wconf 81' lang='lat' dir='ltr'>concursus</span> 
     </span>
     <span class='ocr_line' id='line_1_29' title="bbox 108 3282 1061 3362; baseline -0.001 -17"><span class='ocrx_word' id='word_1_228' title='bbox 108 3284 249 3362; x_wconf 74' lang='lat' dir='ltr'>specialis,</span> <span class='ocrx_word' id='word_1_229' title='bbox 273 3282 326 3359; x_wconf 93' lang='lat' dir='ltr'>qui</span> <span class='ocrx_word' id='word_1_230' title='bbox 349 3287 447 3340; x_wconf 83' lang='lat' dir='ltr'>tumen</span> <span class='ocrx_word' id='word_1_231' title='bbox 465 3301 524 3341; x_wconf 90' lang='lat' dir='ltr'>nou</span> <span class='ocrx_word' id='word_1_232' title='bbox 547 3283 677 3355; x_wconf 86' lang='lat' dir='ltr'>debetur,</span> <span class='ocrx_word' id='word_1_233' title='bbox 704 3284 754 3342; x_wconf 78' lang='lat' dir='ltr'>sed</span> <span class='ocrx_word' id='word_1_234' title='bbox 776 3287 894 3342; x_wconf 84' lang='lat' dir='ltr'>tantum</span> <span class='ocrx_word' id='word_1_235' title='bbox 909 3285 1061 3360; x_wconf 80' lang='lat' dir='ltr'>generalis.</span> 
     </span>
    </p>
   </div>
   <div class='ocr_carea' id='block_1_3' title="bbox 108 3375 1200 3458">
    <p class='ocr_par' dir='ltr' id='par_1_5' title="bbox 108 3375 1200 3458">
     <span class='ocr_line' id='line_1_30' title="bbox 108 3375 1200 3458; baseline -0.005 -15"><span class='ocrx_word' id='word_1_236' title='bbox 108 3386 245 3456; x_wconf 65' lang='lat' dir='ltr'>neruosi,</span> <span class='ocrx_word' id='word_1_237' title='bbox 268 3381 289 3442; x_wconf 92' lang='grc'>1.</span> <span class='ocrx_word' id='word_1_238' title='bbox 313 3386 340 3456; x_wconf 82' lang='grc'>4,</span> <span class='ocrx_word' id='word_1_239' title='bbox 366 3402 392 3458; x_wconf 92' lang='lat' dir='ltr'>q.</span> <span class='ocrx_word' id='word_1_240' title='bbox 410 3387 452 3456; x_wconf 84' lang='lat'>6;</span> <span class='ocrx_word' id='word_1_241' title='bbox 486 3382 636 3441; x_wconf 78' lang='lat' dir='ltr'>Snnnrnn.</span> <span class='ocrx_word' id='word_1_242' title='bbox 657 3383 684 3440; x_wconf 93' lang='lat' dir='ltr'>d.</span> <span class='ocrx_word' id='word_1_243' title='bbox 710 3387 736 3456; x_wconf 87' lang='lat'>1,</span> <span class='ocrx_word' id='word_1_244' title='bbox 758 3402 788 3441; x_wconf 83' lang='lat' dir='ltr'>n.</span> <span class='ocrx_word' id='word_1_245' title='bbox 815 3389 855 3454; x_wconf 91' lang='grc'>6;</span> <span class='ocrx_word' id='word_1_246' title='bbox 877 3385 905 3442; x_wconf 89' lang='lat' dir='ltr'>d.</span> <span class='ocrx_word' id='word_1_247' title='bbox 928 3389 956 3456; x_wconf 83' lang='lat'>2,</span> <span class='ocrx_word' id='word_1_248' title='bbox 979 3405 1008 3442; x_wconf 87' lang='lat' dir='ltr'>n.</span> <span class='ocrx_word' id='word_1_249' title='bbox 1031 3389 1059 3456; x_wconf 86' lang='lat'>5,</span> <span class='ocrx_word' id='word_1_250' title='bbox 1085 3439 1089 3448; x_wconf 80' lang='grc'>,</span> <span class='ocrx_word' id='word_1_251' title='bbox 1199 3375 1200 3420; x_wconf 70' lang='lat'>1</span> 
     </span>
    </p>
   </div>
   <div class='ocr_carea' id='block_1_4' title="bbox 110 3489 1064 3758">
    <p class='ocr_par' dir='ltr' id='par_1_6' title="bbox 110 3489 1064 3758">
     <span class='ocr_line' id='line_1_31' title="bbox 110 3489 219 3542; baseline -0.018 0"><span class='ocrx_word' id='word_1_252' title='bbox 110 3489 145 3542; x_wconf 81' lang='lat'>24</span> <span class='ocrx_word' id='word_1_253' title='bbox 172 3489 219 3541; x_wconf 82' lang='lat'>25.</span> 
     </span>
     <span class='ocr_line' id='line_1_32' title="bbox 148 3527 1061 3657; baseline -0.001 -16"><span class='ocrx_word' id='word_1_254' title='bbox 148 3527 197 3641; x_wconf 77' lang='lat' dir='ltr'>i9.</span> <span class='ocrx_word' id='word_1_255' title='bbox 220 3579 405 3647; x_wconf 80' lang='lat' dir='ltr'>Quidverbis</span> <span class='ocrx_word' id='word_1_256' title='bbox 419 3600 506 3656; x_wconf 78' lang='lat' dir='ltr'>cupro</span> <span class='ocrx_word' id='word_1_257' title='bbox 519 3582 589 3640; x_wconf 66' lang='lat' dir='ltr'>ortes</span> <span class='ocrx_word' id='word_1_258' title='bbox 600 3585 709 3640; x_wconf 79' lang='lat' dir='ltr'>caturco</span> <span class='ocrx_word' id='word_1_259' title='bbox 720 3580 902 3657; x_wconf 79' lang='lat' dir='ltr'>significatur</span> <span class='ocrx_word' id='word_1_260' title='bbox 916 3601 952 3639; x_wconf 83' lang='lat' dir='ltr'>ex</span> <span class='ocrx_word' id='word_1_261' title='bbox 967 3582 1061 3654; x_wconf 77' lang='lat' dir='ltr'>dictio,</span> 
     </span>
     <span class='ocr_line' id='line_1_33' title="bbox 110 3681 1064 3758; baseline -0.002 -15"><span class='ocrx_word' id='word_1_262' title='bbox 110 3702 138 3744; x_wconf 94' lang='lat' dir='ltr'>n.</span> <span class='ocrx_word' id='word_1_263' title='bbox 149 3687 177 3758; x_wconf 85' lang='grc'>5,</span> <span class='ocrx_word' id='word_1_264' title='bbox 191 3687 217 3756; x_wconf 83' lang='grc'>6,</span> <span class='ocrx_word' id='word_1_265' title='bbox 229 3681 300 3742; x_wconf 78' lang='lat' dir='ltr'>eutis</span> <span class='ocrx_word' id='word_1_266' title='bbox 313 3683 434 3742; x_wconf 82' lang='lat' dir='ltr'>constat.</span> <span class='ocrx_word' id='word_1_267' title='bbox 465 3681 551 3743; x_wconf 82' lang='lat' dir='ltr'>Vires</span> <span class='ocrx_word' id='word_1_268' title='bbox 565 3682 642 3742; x_wconf 92' lang='lat' dir='ltr'>enim</span> <span class='ocrx_word' id='word_1_269' title='bbox 652 3686 765 3742; x_wconf 83' lang='lat' dir='ltr'>ncturae</span> <span class='ocrx_word' id='word_1_270' title='bbox 780 3685 850 3740; x_wconf 88' lang='lat' dir='ltr'>sunt</span> <span class='ocrx_word' id='word_1_271' title='bbox 863 3681 910 3740; x_wconf 81' lang='lat' dir='ltr'>vol</span> <span class='ocrx_word' id='word_1_272' title='bbox 925 3682 1064 3757; x_wconf 84' lang='lat' dir='ltr'>proximae</span> 
     </span>
    </p>
   </div>
   <div class='ocr_carea' id='block_1_5' title="bbox 0 0 1230 4314">
    <p class='ocr_par' dir='ltr' id='par_1_7' title="bbox 0 0 1230 4314">
     <span class='ocr_line' id='line_1_34' title="bbox 0 0 1230 4314; baseline 0 0"><span class='ocrx_word' id='word_1_273' title='bbox 0 0 1230 4314; x_wconf 95' lang='lat' dir='ltr'> </span> 
     </span>
    </p>
   </div>
  </div>
 </body>
</html>
