2410 4318
146 382 333 476 nrsr.v11.]
378 385 434 452 De
451 385 572 452 &aba
587 383 684 472 Effic.
701 382 864 474 etSuffic.
1040 407 1101 474 ²07

148 553 225 633 quia
238 553 274 612 ad
287 553 365 612 buno
378 553 604 630 producendum,
626 573 678 631 per
697 554 816 613 modum
834 551 973 630 prinoipii
986 552 1102 613 elevan-

147 654 195 714 tis
208 657 239 714 et
251 653 418 731 productivi
430 652 609 730 principalis,
623 654 769 714 oonourrit
781 653 884 730 gratia.
926 653 1000 714 Ram
1008 653 1103 712 deela-

140 758 202 816 .1·at
214 754 248 814 P.
262 754 394 827 Maurus,
410 755 513 830 quaest.
529 757 576 825 60,
591 754 646 812 hoo
669 753 802 830 exemplo
812 755 1006 813 :-Pouamus
1026 753 1104 831 quod

149 871 231 930 puer
252 871 306 930 per
329 871 395 912 suas
408 851 494 924 sires,
519 851 582 911 sine
606 853 715 912 auxilio
737 853 874 930 gigantis,
898 851 994 912 solum
1016 851 1107 928 possit

149 971 273 1013 movere
294 971 383 1011 unam
403 952 531 1012 libram:
553 952 587 1024 si,
611 971 679 1012 ourn
697 953 809 1011 auxilio
831 953 968 1029 gigantis,
991 954 1108 1011 moveat

150 1051 271 1130 pondus
280 1051 362 1112 mille
375 1051 525 1126 librarum,
536 1071 610 1129 puer
619 1055 714 1130 potest
725 1051 828 1125 dicere,
846 1051 927 1112 ‘Nou
936 1069 1106 1140 egomoreo,

65 1193 71 1200 -
151 1153 208 1212 sed
228 1152 310 1230 gigas
333 1171 447 1213 meeum
468 1156 575 1222 movet,
598 1157 633 1212 ut
654 1173 707 1230 ego
724 1153 778 1212 six
800 1171 885 1228 agam
905 1156 936 1212 et
956 1151 1106 1212 moveam.¹

152 1252 252 1329 Atqui
273 1251 399 1311 liberum
423 1251 586 1325 arbitrium,
607 1252 669 1310 sine
691 1251 801 1310 auxilio
815 1255 845 1310 et
858 1251 974 1310 viribus
994 1251 1106 1328 gratiae,

153 1353 253 1412 solum
265 1357 363 1432 potest
375 1355 532 1431 producere
546 1356 629 1414 aetus
642 1353 797 1426 naturales,
814 1352 866 1430 qui
880 1354 1060 1412 exceduntur
1073 1354 1109 1412 ab

151 1459 269 1518 actibus
288 1459 557 1536 supernaturalibus
579 1459 671 1518 multo
692 1458 786 1534 magis
798 1477 884 1534 quam
897 1459 1010 1535 pondus
1022 1457 1110 1516 unius

150 1559 241 1618 librae
254 1578 272 1617 a
283 1559 410 1636 pondere
423 1557 504 1618 mille
517 1558 667 1617 librarum.
710 1558 787 1634 Ergo
806 1557 931 1617 liberum
945 1557 1107 1630 arbitrium,

153 1658 273 1736 qnando
287 1677 354 1717 oum
374 1659 469 1734 gratia
481 1657 618 1735 producit
638 1661 720 1716 aetus
734 1658 976 1734 supernaturales,
991 1658 1035 1718 ita
1048 1657 1110 1734 agit

150 1761 192 1818 ut
204 1757 258 1816 vix
267 1777 349 1834 agere
359 1757 549 1834 intelligatur.
589 1758 708 1817 Interea
717 1757 947 1817 taurenliberum
956 1757 1109 1816 arbitrium

152 1878 173 1918 a
195 1857 290 1934 gratia
311 1857 455 1916 elevatum
476 1875 535 1916 uon
557 1857 651 1916 solum
673 1857 774 1917 eodem
797 1856 972 1915 indivisibili
992 1856 1109 1914 influxu

152 1956 219 2032 agit
231 1956 351 2034 physice
370 1957 421 2016 sed
444 1956 532 2015 etiam
554 1956 705 2016 moraliter
717 1961 748 2017 et
761 1957 860 2016 libere.
902 1957 987 2022 Quod
1000 1956 1109 2016 iterum

153 2057 279 2116 Maurus
293 2055 422 2132 explieat
434 2056 522 2115 allato
537 2057 689 2133 exemplo:
710 2060 808 2133 potest
822 2056 900 2116 enim
913 2056 995 2132 gigas
1004 2056 1110 2134 juvare

152 2173 280 2232 puerum
305 2155 342 2213 ad
362 2155 538 2214 movendum
559 2157 671 2231 pondus
684 2157 765 2214 mille
784 2156 934 2226 librarum,
948 2155 992 2215 ita
1010 2159 1110 2216 tamen

154 2257 373 2333 attemperando
398 2275 480 2315 suam
504 2257 654 2330 actionem,
677 2261 706 2316 et
727 2257 909 2334 subjiciendo
921 2257 1013 2318 libero
1027 2239 1110 2334 pueri

154 2355 287 2428 arbitrio,
310 2360 344 2415 ut
364 2355 421 2415 iste
440 2358 532 2432 possit
551 2355 693 2430 resistere,
710 2357 735 2414 si
747 2357 829 2416 velit.
870 2357 977 2414 Totum
990 2357 1044 2415 hoo
1059 2356 1108 2414 de·

153 2457 249 2516 elarat
271 2456 435 2517 Concilium
458 2457 589 2516 Trideut.
612 2477 680 2516 sess.
707 2463 734 2527 6,
758 2477 820 2534 oap.
836 2461 864 2528 5,
879 2456 1110 2516 dieens:-‘1ta

154 2561 202 2630 ut,
218 2560 357 2633 tangente
369 2557 432 2616 Deo
446 2575 494 2615 eor
507 2555 633 2614 hominis
642 2576 694 2632 per
708 2555 835 2632 Spiritus
847 2554 946 2614 Saueti
959 2553 1108 2614 illumiua-

155 2657 276 2732 tionem,
291 2675 388 2735 neque
405 2658 489 2716 homo
503 2656 566 2734 ipse
583 2657 659 2716 nihil
673 2659 788 2716 omnino
799 2659 874 2732 agat,
889 2655 1108 2732 inspirationem

155 2757 241 2818 illam
254 2757 403 2835 recipiens,
419 2759 526 2836 quippe
540 2757 592 2834 qui
611 2757 692 2815 illam
706 2759 736 2816 et
754 2755 877 2833 abjicere
889 2754 1006 2832 potest!
1047 2753 1108 2814 Ubi

162 2859 326 2918 Concilium
346 2859 477 2919 insinuat
499 2859 577 2936 quod
598 2858 722 2918 liberum
736 2857 897 2931 arbitrium,
913 2855 1108 2933 comparativa

160 2960 203 3029 ad,
213 2961 345 3036 gratiam,
362 2963 404 3018 ita
416 2964 483 3034 agat
496 2963 539 3031 ut,
555 2958 657 3018 saltem
670 2958 702 3016 in
715 2957 825 3016 ratione
838 2955 973 3034 principii
987 2955 1108 3034 produc·

155 3061 221 3133 tiri,
241 3060 293 3120 vix
308 3081 392 3136 agere
412 3059 603 3134 intelligatur.
646 3058 730 3124 Quod
750 3062 847 3117 autem
869 3061 965 3117 tamen
984 3059 1059 3133 agat,
1080 3059 1110 3115 et

157 3160 276 3236 quidem
301 3161 400 3232 libere,
424 3160 507 3218 dooet
527 3158 605 3217 idem
629 3157 800 3231 Concilium,
826 3176 893 3216 sess.
912 3159 962 3217 eit.
981 3176 1043 3216 ean.
1060 3154 1107 3216 42⁹

158 3262 300 3335 Smuaen,
316 3263 344 3322 d.
360 3265 388 3334 2,
404 3281 432 3337 q.
448 3265 513 3334 2,a.
530 3264 557 3331 3,
573 3279 600 3318 n.
614 3261 642 3319 5.
