2432 4294
171 377 213 438 90
533 357 589 424 De
607 357 737 424 Gratia
895 457 901 470 Ι
955 359 1055 443 [msa.
1074 381 1125 425 111.

170 523 306 598 cognovit
340 543 457 583 sensum
487 523 630 584 Domini?
664 528 715 584 aut
749 524 814 602 quis
847 523 1030 584 consiliarius
1059 527 1125 604 ejus

169 621 227 682 suia
240 622 275 682 ?”

211 727 258 783 83.
283 723 446 784 Dicendum
468 729 511 784 est
534 725 576 796 20,
594 725 649 783 etsi
670 743 728 782 non
750 724 836 802 pauci
859 725 986 800 theologi
1003 727 1125 785 teneant
1207 793 1208 808 χ

171 820 268 880 Deum
302 823 489 898 elargientcm
524 824 647 899 gratiam
679 844 861 900 nequaquam
892 824 1034 900 respicere
1065 825 1125 883 dis-

170 922 341 998 positionem
361 924 446 982 istam
461 924 626 1000 negativam
650 924 812 1001 (Sannina.
828 924 855 982 d.
871 929 898 994 3,
914 943 944 982 n.
960 929 1028 996 200,
1047 925 1124 1001 dac),
1207 907 1208 962 l

171 1020 265 1080 verior
291 1027 389 1082 tamen
416 1042 476 1082 esse
501 1023 617 1081 videtur
642 1023 786 1081 sententia
808 1022 948 1098 opposita,
971 1043 1061 1099 quam
1084 1025 1126 1083 sic

171 1122 292 1199 exponit
313 1123 462 1195 Pannona,
476 1143 504 1182 n.
521 1129 576 1181 235
588 1123 731 1182 :—“Etsi
745 1125 823 1181 Deus
837 1123 918 1200 gravi
940 1128 1125 1199 peccatorum

170 1221 282 1282 sarcina
296 1229 399 1282 onusto
413 1223 503 1300 possit
512 1223 634 1298 gratiam
650 1221 748 1304 [fidei]
761 1223 898 1294 conferre,
911 1226 940 1282 et
950 1223 1125 1300 quandoque

170 1323 259 1382 etiam
285 1326 414 1382 conferat
441 1324 477 1382 ad
506 1323 625 1384 divitias
652 1325 791 1382 bonitatis
814 1343 874 1384 suae
898 1325 1124 1400 patefaciendas,
1207 1347 1208 1366 ¹

166 1423 256 1501 juxta
274 1431 443 1486 consuetum
466 1430 563 1484 tamen
592 1445 650 1485 suae
671 1425 862 1503 providentiae
880 1425 1010 1486 ordinem
1030 1427 1068 1486 iis
1091 1439 1127 1486 ut
1207 1407 1208 1476 l

170 1523 330 1601 plurimum
356 1526 475 1598 confert,
505 1524 557 1602 qui
584 1523 697 1582 minora
724 1523 882 1591 obstacula,
899 1523 993 1582 eidem
1021 1525 1126 1600 gratiae

171 1633 328 1706 opponunt.
370 1629 469 1706 Atque
490 1629 560 1688 hinc
583 1629 658 1688 ratio
680 1630 814 1701 habetur,
832 1649 922 1706 quare
944 1629 999 1698 illi,
1013 1631 1067 1706 qui
1089 1631 1127 1688 ad

171 1727 331 1788 honestatis
340 1748 470 1788 normam
480 1749 571 1788 mores
586 1748 651 1786 suos
665 1732 852 1806 componunt,
864 1727 961 1786 minus
971 1729 1083 1788 alienos
1096 1750 1128 1788 se

172 1830 329 1890 exhibeant
342 1827 591 1906 ab'amplcctenda
606 1829 773 1906 evangelica
785 1827 924 1888 doctrina.
979 1829 1039 1896 Qui
1058 1850 1128 1890 vero
1207 1857 1208 1900 2

172 1928 381 2007 cupiditatibus
414 1931 622 2007 obsequuntur,
650 1928 778 1989 maxime
810 1929 929 1988 eandem
963 1929 1128 1988 doctrinam
1207 1941 1208 1964 ¹

172 2033 349 2100 aversantur,
361 2048 431 2088 eum
445 2028 487 2088 eis
501 2028 704 2101 annunciatur,
716 2033 765 2088 aut
782 2048 845 2087 cam
859 2027 1010 2100 amittunt,
1028 2030 1052 2086 si
1062 2030 1128 2106 jam
1207 2083 1208 2088 ,

171 2133 349 2206 receperunt,
366 2133 419 2188 aut
431 2129 533 2188 saltem
547 2129 589 2188 ita
609 2129 771 2206 languescit
785 2130 848 2207 ejus
862 2132 908 2188 vis
927 2130 958 2188 in
978 2130 1129 2190 sceleratis
1207 2137 1208 2208 ξ

172 2226 334 2304 quibusque
347 2227 523 2299 homiuibus,
539 2229 668 2287 utnulla
682 2248 755 2304 pene
768 2228 800 2286 in
814 2228 855 2287 eis
870 2249 930 2288 esse
944 2229 1111 2288 videatur.'’
1207 2217 1208 2256 ³

212 2330 260 2385 84.
287 2325 384 2403 Objcct.
408 2331 435 2384 3.
457 2327 486 2386 N
488 2331 569 2385 otum
583 2332 625 2387 est
640 2327 761 2386 effatum
771 2326 847 2385 illud
860 2328 939 2404 apud
953 2332 998 2386 tot
1012 2329 1128 2386 theolo-
1207 2327 1208 2368 i

172 2443 222 2500 gos
235 2428 444 2502 receptum—“
454 2424 586 2484 Facienti
600 2426 678 2502 quod
692 2425 767 2484 inse
781 2429 824 2484 est
837 2426 917 2484 Deus
930 2446 988 2484 non
1002 2427 1131 2502 denegat
1207 2483 1208 2486 ,

173 2523 325 2601 gratiam.'’
361 2525 437 2601 Ergo
452 2524 502 2585 dst
515 2524 638 2602 gratiam
651 2525 763 2584 intuitu
777 2524 870 2602 operis
884 2526 1026 2584 naturalis
1045 2527 1128 2588 boui.
1207 2589 1208 2596 ,

214 2629 261 2683 86.
281 2625 366 2700 aaa.
387 2623 543 2700 Duplicem
557 2643 672 2684 sensum
686 2624 792 2682 habere
805 2628 901 2699 potest
914 2625 988 2684 illud
1000 2625 1128 2686 axioma.

177 2724 215 2782 1⁰.
237 2723 370 2783 Facienti
387 2724 467 2801 quod
484 2723 515 2782 in
536 2743 566 2783 sa
586 2730 630 2783 est
650 2743 702 2800 per
721 2723 846 2798 gratiam
868 2725 947 2782 Deus
968 2725 1018 2784 dat
1039 2727 1130 2785 aliam
1207 2757 1208 2800 ᾗ

173 2823 303 2900 gratiam.
344 2824 439 2882 Homo
454 2823 506 2900 qui
519 2823 642 2902 primam
655 2822 779 2900 gratiam
800 2822 977 2883 excitantem
991 2829 1021 2884 et
1041 2827 1129 2904 adju·
1207 2809 1208 2842 ³

173 2927 290 2981 vantem
317 2921 430 2998 recipit,
460 2922 484 2980 si
511 2942 545 2982 ea
571 2923 645 2982 bene
671 2927 783 2993 utatur,
812 2921 979 2983 ulteriorem
1007 2925 1131 3003 recipiet
1207 2897 1208 2984 l

174 3021 312 3098 gratiam3
334 3025 363 3080 et
376 3021 417 3080 itu
430 3040 523 3098 porro,
538 3023 628 3082 donec
642 3023 747 3082 ultimo
762 3028 954 3082 convertatur.
996 3026 1130 3086 Effatum

174 3121 228 3180 hoo
249 3139 335 3180 sensu
356 3119 539 3180 intellectum
552 3123 638 3200 plane
652 3141 753 3182 verum
767 3125 810 3180 est
830 3122 866 3181 de
886 3123 964 3181 omni
983 3144 1070 3200 opere
1091 3147 1130 3185 ex

175 3221 269 3297 gratia
283 3220 390 3280 actuali
398 3221 483 3293 facto,
499 3221 559 3282 sive
570 3223 674 3300 ajusto
685 3223 744 3280 sive
756 3241 773 3279 a
783 3227 945 3298 peccatore:
969 3232 998 3282 et
1007 3225 1063 3284 hoc
1074 3226 1130 3284 ecla
1207 3285 1208 3298 ,

154 3325 159 3332 '
175 3340 260 3382 seusu
269 3320 343 3380 illud
357 3341 458 3380 verum
469 3342 530 3382 esse
545 3328 644 3383 tenent
657 3345 715 3384 non
727 3325 811 3402 pauci
817 3324 953 3399 theologi,
967 3328 1129 3402 praesertim
1207 3325 1208 3366 ἶ

176 3421 340 3494 Thomistaa,
357 3421 506 3481 Sannaus.
520 3424 546 3480 d.
559 3428 584 3494 3,
601 3445 630 3484 n.
651 3429 721 3497 1585
739 3425 835 3496 Garri,
852 3425 887 3484 de
901 3426 1042 3486 Praedest.
1056 3448 1083 3504 q.
1101 3433 1128 3498 3,
1207 3439 1208 3454 ²

178 3521 206 3581 d.
221 3527 248 3593 2,
264 3541 293 3580 n.
312 3525 364 3592 133
380 3521 492 3594 Gouar,
509 3523 611 3583 ibidn.
628 3528 680 3586 171
694 3549 701 3600 ;
718 3526 915 3598 Britannud„
932 3530 959 3598 3,
976 3547 1001 3585 a.
1019 3527 1055 3599 73
1080 3530 1130 3586 &a
1207 3569 1208 3582 ,

220 3625 268 3681 86.
291 3621 332 3679 20.
354 3620 439 3680 Alius
453 3624 496 3680 est
509 3640 608 3681 sensus
622 3623 793 3684 axiomatis:
817 3622 948 3682 Facienti
964 3624 1043 3699 quod
1057 3623 1085 3681 in
1103 3644 1131 3681 se
