2424 4300
179 413 237 475 166
542 409 598 472 De
623 409 755 474 Gratia.
969 414 1069 496 [urse.
1084 438 1132 480 vr.

174 580 209 636 ad
233 578 428 654 exploratores
446 577 509 653 jam
533 576 565 633 in
587 576 707 634 latebris
740 577 1026 638 abditosz-“Novi
1054 584 1133 658 qnod

173 679 315 738 Dominus
330 678 482 737 tradiderit
496 676 577 734 vobis
591 683 695 735 terram
699 721 828 736 .....
853 679 1033 740 Audivimus
1052 685 1132 760 quod

173 781 324 840 siccaverit
339 779 481 839 Dominus
503 797 593 854 aquas
611 779 705 837 maris
727 780 806 838 rubri
822 781 859 837 ad
872 785 1002 840 vestrum
1024 784 1128 842 introi-

173 889 234 940 tum
238 925 365 953 .....
388 883 428 939 llt
448 881 510 938 haec
534 879 686 940 audientes
709 881 925 957 pertimuimus,
946 889 977 942 et
996 885 1130 961 elanguit

174 1004 221 1042 eor
234 987 374 1054 nostrum,
390 1002 443 1041 neo
457 981 594 1040 remansit
615 980 648 1038 in
668 983 750 1040 nobis
774 981 895 1058 spiritus
917 984 954 1042 ad
974 985 1128 1044 introitum

173 1091 317 1145 vestrum:
341 1085 478 1142 Dominus
502 1083 574 1140 caim
594 1084 672 1141 Deus
692 1088 787 1155 cester,
804 1083 863 1158 epea
880 1090 922 1142 aot
934 1087 1013 1144 Deua
1028 1089 1058 1145 r'u
1068 1090 1128 1146 eoelo

172 1205 281 1244 aureum
305 1189 330 1243 et
351 1185 383 1242 o'a
408 1189 483 1243 terra
504 1181 659 1241 deorsam.''
680 1182 762 1241 Vera.
780 1187 868 1241 9-11.
912 1184 1078 1246 Videantur
1090 1191 1127 1246 A,

172 1285 283 1343 Laeron
297 1283 327 1342 in
341 1283 419 1341 huuc
433 1283 537 1354 locum,
561 1288 591 1340 et
610 1282 672 1357 ipse
686 1285 716 1339 et
729 1282 833 1338 Esrrus
846 1282 878 1340 iu
891 1283 970 1342 locos
988 1286 1087 1346 Jacob.
1101 1293 1129 1346 et

173 1385 261 1454 liebr,
277 1387 306 1444 et
325 1383 449 1454 Sunnnz,
465 1382 485 1440 l.
499 1387 525 1455 8,
543 1401 567 1440 o.
584 1385 632 1453 22,
647 1401 675 1440 n.
695 1387 740 1440 15.
782 1381 814 1440 Si
834 1403 903 1442 vero
924 1404 1040 1461 quaeras
1058 1406 1127 1463 quo

171 1483 253 1542 modo
281 1483 390 1542 fuctum
424 1485 468 1541 est
494 1485 529 1540 ut
560 1483 648 1541 ceteri
680 1480 745 1540 istis
775 1481 867 1558 signis
896 1485 1034 1544 commoti
1068 1505 1127 1544 non
1199 1523 1200 1540 ι

170 1583 354 1654 crediderint,
383 1581 530 1658 responsio
558 1581 590 1638 in
617 1584 755 1657 promptu
778 1585 840 1652 est;
870 1583 941 1659 quia
968 1604 1029 1642 non
1051 1605 1125 1645 rece·
1199 1565 1200 1568 Ἴ

169 1687 276 1761 perunt
297 1683 377 1741 illam
398 1701 532 1757 magnam
553 1680 676 1756 gratiam
700 1681 823 1740 internae
845 1681 1072 1743 illuminationis
1099 1693 1127 1743 et

170 1783 376 1859 inspirationis,
394 1801 480 1859 quam
500 1780 553 1840 illa
566 1780 693 1857 recepit3
714 1781 762 1840 vel
775 1780 800 1838 si
812 1783 987 1858 receperint,
1002 1785 1029 1843 ei
1042 1785 1126 1844 resti-

169 1885 276 1940 terunt.

209 1983 257 2039 30.
282 1984 498 2057 Argumentum
519 1980 604 2037 valde
618 1979 765 2056 probabile
780 1980 843 2056 cogi
856 1984 953 2058 potest
967 2003 1007 2040 ex
1021 1984 1124 2042 Ezecb.
1199 2037 1200 2042 ,

175 2080 261 2138 xxix.
278 2085 315 2137 20
329 2085 399 2140 :-—“
409 2080 484 2138 Dedi
499 2079 526 2138 ei
540 2083 646 2138 terram
659 2079 787 2155 AEgypti
810 2099 862 2156 pro
875 2100 908 2138 eo
922 2083 1002 2157 quod
1014 2082 1126 2140 labora-

172 2181 247 2240 verit
266 2179 349 2250 mihi,
373 2179 415 2237 ait
439 2179 581 2238 Dominus
605 2179 685 2237 Deus
700 2181 729 2249 ;’'
754 2183 784 2237 et
805 2179 891 2237 etiam
906 2199 944 2237 ex
963 2184 973 2237 l
991 2181 1125 2241 Machab.

170 2279 233 2338 viii.
250 2282 259 2338 l
267 2324 274 2352 ,
293 2281 343 2338 &a
358 2279 410 2338 ubi
424 2283 682 2338 commemorantur
695 2278 820 2336 virtutes
834 2279 968 2354 quaedam
982 2279 1127 2339 Romano-

168 2398 242 2438 rum.
285 2379 341 2438 Scd
367 2381 453 2441 etiam
476 2381 508 2439 hi
530 2379 586 2438 loci
605 2382 665 2438 suis
688 2377 909 2437 difficultatibus
930 2397 989 2436 non
1011 2387 1124 2450 earent;

168 2497 239 2557 quas
253 2483 350 2539 tamen
364 2481 412 2540 lric
428 2484 563 2539 excutere
577 2479 665 2536 nimis
678 2479 797 2551 longum
812 2481 895 2536 esset.

207 2581 253 2637 31.
286 2578 318 2637 Si
340 2599 454 2657 quareo,
478 2580 537 2638 Cur
562 2577 668 2654 saepius
690 2575 840 2652 Scriptura
862 2595 920 2633 non
943 2576 1049 2636 laudet
1069 2578 1124 2636 ista

167 2697 252 2756 opera
274 2679 515 2736 moraliterbona
547 2677 578 2734 in
602 2674 792 2733 infidelibus?
841 2676 923 2748 neap.
956 2675 1036 2740 Quia
1058 2677 1123 2734 finis
1199 2733 1200 2736 ,

168 2778 323 2854 seriptum
337 2783 367 2836 ct
380 2778 468 2835 totius
482 2775 665 2834 revelationis
684 2773 739 2833 Dei
761 2779 804 2833 est
817 2774 926 2848 erigere
939 2774 1075 2834 homines
1088 2778 1122 2834 ad

168 2896 301 2953 caepere
323 2876 462 2946 facienda,
487 2894 552 2951 quoe
577 2875 636 2932 sola
658 2875 823 2937 conducunt
836 2875 872 2930 ad
886 2874 974 2931 finem
988 2879 1122 2935 nostrum

167 2975 386 3052 assequendum,
412 2993 523 3048 nempe,
549 2993 635 3048 opera
659 2971 815 3044 salutaria3
837 2975 867 3030 et
892 2976 1022 3031 avertere
1037 2975 1122 3032 abiis

166 3074 307 3152 operibus,
324 3073 429 3150 quibus
448 3072 515 3129 solis
538 3073 604 3129 finis
617 3072 672 3130 iste
686 3071 840 3144 amittitur,
862 3091 965 3147 nempe
978 3073 1120 3147 peccami-

165 3175 251 3234 nosis.
294 3175 388 3249 Opera
411 3172 467 3229 ista
487 3191 558 3246 liure
576 3171 722 3230 moraliter
735 3173 809 3230 bona
823 3175 892 3230 sunt
904 3190 1022 3247 prorsus
1036 3177 1122 3232 extra

165 3293 282 3351 scopum
309 3273 337 3332 S.
364 3270 531 3347 Scripturas,
558 3274 642 3330 extra
663 3291 733 3344 rem,
761 3290 820 3329 non
844 3270 941 3328 minus
964 3289 1055 3346 quam
1075 3292 1120 3330 res

164 3373 386 3434 mathematicae.
429 3372 580 3438 Quatenus
603 3373 678 3431 bona
702 3374 781 3443 sunt,
805 3371 918 3430 nullius
939 3371 1030 3448 pretii
1051 3377 1123 3431 sunt

163 3473 315 3533 inordina
339 3472 487 3532 adfinem
514 3476 654 3544 nostrum,
682 3470 774 3548 magis
795 3489 884 3547 quam
910 3471 1003 3530 bonus
1030 3471 1117 3530 salta-

162 3579 211 3633 tus
225 3577 276 3633 aut
296 3573 389 3632 bonus
403 3573 514 3631 cautus.
557 3571 628 3630 Haec
644 3590 743 3629 eorum
763 3569 900 3628 sterilitas
921 3568 1016 3628 idest
1039 3571 1118 3646 quod

163 3675 198 3733 de
232 3673 269 3732 iis
297 3671 426 3732 maxima
448 3675 546 3728 nostra
576 3672 697 3730 interest
720 3687 888 3744 cognoscere
896 3690 904 3744 ;
937 3673 967 3729 et
992 3668 1025 3727 id
1049 3688 1116 3745 ergo
