2408 4304
94 431 186 480 mse.
202 412 266 500 xa]
341 413 396 478 De
409 411 673 498 proprietatibus
690 412 834 500 Justific.
988 433 1050 499 395

92 579 168 638 ideo
191 599 341 658 nunqnam
362 578 481 650 excidit,
500 579 614 658 defleti:
634 582 664 640 et
679 599 712 640 eo
725 599 812 641 sensu
825 581 975 658 speciatim
987 601 1053 659 per·

95 699 222 739 manens
234 685 287 751 est,
301 683 346 752 ut,
362 679 433 738 dum
456 677 521 738 alia
541 680 667 738 virtutes
690 682 721 739 et
744 681 819 739 dona
842 700 909 740 oum
923 682 978 740 heo
991 681 1054 741 vite

94 776 244 838 excidunt
265 781 296 838 et
318 776 464 847 desinunt,
485 775 724 862 ipseimmutata
735 780 833 838 manet
845 778 877 837 in
891 783 1051 840 aternum:

95 876 242 938 Coneedo.
282 877 324 936 Et
346 875 400 935 hoe
417 876 463 935 est
484 873 562 950 quod
582 873 631 932 hio
654 873 773 934 definite
794 874 941 950 signifieat
959 875 1053 952 Apos-

94 975 186 1051 tolus,
200 979 235 1036 ut
247 977 329 1053 patet
348 991 386 1036 ex
405 972 502 1034 verbis
521 972 742 1050 insequentibus
753 978 824 1034 :-“
835 973 968 1034 Charitas
980 993 1054 1034 ean·

96 1093 185 1156 quam
198 1074 329 1135 excidit:
350 1073 411 1134 sive
432 1073 595 1152 prophetiae
618 1073 847 1144 evaouobuntur,
869 1073 931 1134 sire
943 1071 1053 1148 lingum

80 1174 260 1247 ‚cessabunt
272 1173 334 1234 sive
347 1170 469 1232 seientia
481 1170 655 1230 destruetur.
697 1171 747 1229 Ee
754 1173 840 1245 porte
853 1167 1052 1250 [imperfeote]
1175 1237 1183 1246 ἱ

94 1272 180 1336 enlm
192 1274 396 1350 eogno‘eoimus,
412 1272 492 1332 etex
510 1272 593 1346 perte
606 1268 822 1346 prophetamus.
866 1269 941 1328 Cum
955 1272 1053 1328 eutem

94 1369 215 1430 venerit
244 1369 321 1448 quod
354 1367 516 1446 perfeetum
538 1369 592 1438 est,
621 1364 796 1426 evacuabitur
818 1366 890 1444 quod
914 1385 948 1425 ee
968 1371 1055 1442 pare

93 1469 170 1531 Μ’
455 1483 457 1488 ·

142 1573 190 1628 43.
215 1567 318 1646 Optat.
333 1571 361 1626 4.
385 1564 518 1626 “Omnis
535 1563 588 1640 qui
609 1566 696 1622 nutus
715 1565 760 1624 est
773 1583 812 1624 ex
829 1565 891 1624 Deo
904 1567 1055 1642 peceatum

96 1687 162 1730 non
184 1667 277 1728 feeit:
300 1663 438 1744 quonium
461 1681 559 1726 semen
580 1663 675 1739 ipsius
694 1662 727 1722 in
755 1682 788 1722 eo
812 1669 919 1736 manet,
945 1668 975 1724 et
995 1683 1054 1724 non

96 1771 198 1846 potest
208 1783 335 1845 peecare,
357 1763 495 1842 quoniam
507 1772 546 1822 ert
558 1761 623 1822 Deo
636 1767 724 1822 natus
743 1765 817 1822 est.’'
841 1767 854 1822 1
871 1765 957 1825 Joan.
968 1763 1011 1824 iii.
1026 1769 1055 1827 9.

101 1874 124 1902 “
137 1866 250 1926 Scimus
272 1864 342 1942 quia
366 1862 459 1922 omnis
480 1862 532 1940 qui
554 1865 641 1921 natus
662 1865 708 1921 est
727 1881 765 1921 ex
786 1863 848 1922 Deo
861 1881 920 1921 non
932 1866 1051 1938 peooet:

99 1963 154 2024 sed
176 1961 323 2038 generatio
336 1960 392 2020 Dei
405 1963 554 2018 eonservet
576 1978 653 2032 eum,
667 1963 697 2018 et
714 1958 861 2035 malignus
880 1978 940 2018 non
959 1959 1055 2036 tangit

100 2064 202 2125 enm.”
241 2059 318 2122 Ibid.
340 2079 369 2119 v.
396 2063 443 2118 18.·
484 2058 544 2118 Hie
569 2058 675 2118 diserte
699 2059 859 2118 affirmatur
868 2058 983 2137 justum
996 2077 1055 2118 non

97 2183 183 2242 posse
195 2181 323 2240 peooare.

142 2268 193 2324 44.
215 2265 300 2340 neap.
322 2259 457 2320 Difficilis
475 2259 723 2336 interpretationis
743 2263 813 2320 sunt
831 2259 887 2318 loci
900 2259 954 2334 illi,
969 2279 1055 2320 exeo

103 2368 184 2446 quod
196 2365 317 2425 minime
329 2363 424 2424 elutus
437 2367 481 2422 est
494 2380 593 2420 sensus
602 2361 783 2421 locutionum
795 2361 926 2433 istarum,
941 2365 1056 2420 “natus

105 2487 144 2528 ex
156 2463 248 2539 Deo‚’'
273 2461 447 2540 “generatio
460 2461 546 2532 Dei,’'
563 2465 689 2522 “semen
698 2459 819 2537 ipsius.'’
861 2460 940 2520 Hiuo
957 2460 1056 2538 plures

104 2572 179 2628 sunt
201 2583 300 2628 eorum
317 2563 570 2641 interpretationes
593 2565 631 2646 et·
645 2566 779 2624 veterum
804 2565 835 2622 et
853 2563 1054 2623 reeentiorum.

107 2669 224 2728 Harum
238 2663 509 2743 interpretationum
523 2663 588 2722 duee
609 2666 678 2722 sunt
697 2679 760 2738 quae
774 2660 876 2721 oeteris
888 2661 975 2737 longe
986 2679 1055 2738 pro·

109 2767 266 2838 habiliores
287 2785 347 2825 esse
371 2764 453 2836 nobis
474 2762 619 2822 videntur.
672 2761 713 2820 1⁰.
735 2760 901 2822 Secundum
920 2761 1053 2838 primam,

108 2870 215 2928 iustus
227 2885 285 2925 non
299 2866 394 2942 potest
413 2881 530 2940 peecare
553 2879 638 2920 seusu
661 2860 826 2938 composito,
840 2859 871 2918 id
885 2865 929 2920 est
943 2859 991 2938 (ut
1003 2879 1056 2938 ego

112 2965 310 3044 exponerem),
333 2967 483 3040 peooetum
504 2981 563 3020 non
584 2965 680 3037 potest
696 2959 827 3038 oomponi
844 2977 911 3018 oum
927 2959 1054 3038 justitia,

106 3067 233 3128 sedeam
246 3063 388 3142 expellit:
407 3063 506 3140 justus
519 3061 671 3138 -peoeando
685 3080 718 3120 eo
731 3061 793 3138 ipso
809 3060 957 3138 justitiam
969 3062 1055 3122 emit·

104 3168 155 3228 tit.
199 3166 229 3226 N
230 3185 262 3225 eo
276 3164 390 3224 dicatur
403 3160 562 3222 doetrinam
581 3162 657 3219 hano
676 3180 737 3220 esse
750 3159 839 3222 nimie
850 3159 1013 3228 evidentem
1026 3166 1057 3220 et

107 3265 217 3340 tritam,
246 3281 311 3340 quae
331 3261 521 3320 automno
547 3263 662 3318 tentum
684 3262 845 3335 urgeretur-
871 3260 1056 3336 ¹Responsleo

111 3363 191 3424 enim
206 3362 260 3440 (a),
275 3360 330 3421 etsi
344 3358 479 3438 fidelibus
498 3359 571 3418 bene
590 3358 734 3418 institutis
752 3364 781 3420 et
800 3359 873 3419 vitae
893 3359 975 3418 bonae
989 3360 1055 3418 doe·

111 3465 190 3526 trine
212 3462 275 3522 haee
298 3458 455 3520 clarissime
475 3461 506 3518 et
518 3458 676 3518 certissima
699 3459 745 3532 sit,
768 3457 858 3518 fnisse
877 3462 973 3518 temen
992 3457 1056 3535 ipso

110 3586 173 3628 aevo
187 3563 355 3644 Apostolioo
368 3563 419 3642 qui
432 3581 496 3624 eam
508 3581 692 3642 nequaquam
710 3566 886 3640 perspectam
899 3563 1053 3634 habebant,

110 3670 172 3726 imo
193 3665 246 3744 qui
273 3665 308 3724 de
329 3683 363 3724 ea
386 3661 554 3744 gravissime
575 3663 717 3737 errabant,
742 3668 776 3722 ut
797 3662 867 3724 eatis
888 3665 999 3724 constat
1019 3679 1057 3721 ex
