2424 4300
151 331 210 398 134
513 312 570 376 De
587 311 715 377 Gratia.
950 313 1051 397 [rust.
1065 329 1097 377 V.

144 478 237 556 quilla
260 480 290 537 et
308 476 390 536 nulla
410 475 622 538 interveniente
643 496 729 536 eausa
751 475 945 537 distractionis
967 482 1098 550 externa,

143 577 330 655 impossibilis
343 581 386 638 est
401 577 538 643 diuturna
559 577 649 637 animi
669 577 790 638 attentio
814 578 852 638 ad
873 599 918 639 res
933 579 1102 656 spirituales

144 678 281 739 continua
294 681 324 739 et
337 677 399 740 sine
419 679 481 738 ulla
502 677 670 754 evagatione
690 682 721 738 et
733 677 1097 758 intermissione-impos-

143 779 256 840 sibilem
269 780 343 853 dico,
358 779 416 840 nisi
436 799 474 840 ex
494 779 588 856 gnatia
608 779 844 854 extraordinaria,
867 799 932 858 quae
954 782 1101 859 quoddam

141 879 326 958 privilegium
341 885 424 942 esset.

183 981 230 1036 36.
253 977 373 1036 Celebre
387 981 430 1036 est
444 974 563 1035 affatum
588 977 618 1035 S.
643 976 834 1049 Hrnaonrnss,
857 975 935 1036 Diul.
959 977 1103 1038 adversus

142 1071 321 1150 Pelagianos,
345 1073 365 1134 l.
392 1079 419 1144 8,
447 1093 475 1131 n.
505 1076 539 1130 12
553 1073 699 1132 :—“Nec
721 1073 790 1156 quia
813 1073 850 1132 ad
870 1074 958 1134 breve
972 1093 1101 1150 possum,

142 1192 225 1253 coges
248 1194 295 1234 ma
318 1181 354 1235 ιιι
374 1174 482 1253 possim
502 1173 622 1252 jugiter.
664 1176 785 1233 Possum
802 1174 950 1252 jejunare,
966 1175 1101 1252 vigilare,

143 1275 301 1349 ambulare,
327 1276 431 1353 legere,
456 1276 587 1353 psallere,
611 1276 718 1348 sedere,
743 1275 876 1348 dormire,
897 1278 1048 1356 numquid
1072 1278 1104 1336 in

142 1383 316 1457 perpetuum
324 1376 358 1437 ?”
401 1378 529 1438 Tantum
543 1378 624 1438 abest
637 1382 671 1436 ut
685 1379 762 1454 quod
782 1377 829 1437 hio
854 1377 962 1438 dieitur
976 1380 1013 1438 de
1035 1400 1103 1457 ope-

142 1477 304 1539 rationibus
317 1477 442 1556 corporis
462 1477 559 1537 minus
578 1477 675 1537 valeat
689 1478 724 1536 de
745 1477 963 1554 operationibus
982 1479 1101 1552 mentis,

142 1582 178 1640 ut
201 1599 217 1640 e
241 1579 384 1640 contrario
408 1579 443 1639 de
465 1578 512 1639 his
534 1579 619 1656 longe
646 1578 739 1656 magis
763 1578 870 1637 valeat.
913 1579 1000 1638 Intra
1023 1580 1104 1638 enim

142 1683 235 1740 certos
258 1679 406 1753 terminos,
431 1679 516 1756 longe
545 1678 638 1756 magis
673 1677 838 1756 expeditam
862 1682 892 1737 et
916 1683 1104 1740 constantem

142 1779 281 1840 habemns
300 1778 459 1857 potentiam
473 1782 504 1838 et
516 1777 668 1856 physicum
682 1782 711 1838 et
724 1777 861 1836 moralem
880 1777 912 1836 in
932 1779 1105 1838 exercendis

143 1879 330 1939 facultatibus
362 1879 498 1957 corporis,
528 1898 617 1956 quam
648 1878 680 1937 in
714 1877 884 1938 exercendis
908 1878 1105 1941 facultatibus
1189 1907 1190 1944 ι

142 1978 266 2052 mentis;
287 1979 449 2057 prasertim
462 1979 495 2038 in
507 1980 594 2039 rebus
608 1977 809 2056 spiritualibus
823 1981 853 2038 et
866 1982 979 2038 naturae
993 1983 1103 2040 nostrae

142 2082 286 2156 corruptae
307 2099 360 2140 nec
384 2079 524 2140 suavibus
551 2098 604 2138 nec
623 2077 779 2156 jucundis:
804 2078 832 2138 d.
854 2083 882 2152 4,
899 2098 930 2139 ιι.
949 2083 995 2138 38.
1040 2080 1101 2152 Sic,

142 2182 213 2256 quot
227 2184 296 2240 sunt
309 2180 370 2258 qui,
387 2199 424 2241 ex
438 2199 493 2240 usu
514 2183 544 2240 et
564 2179 662 2240 debita
683 2178 813 2240 adhibita
827 2181 962 2240 cautione
977 2186 1008 2240 et
1022 2200 1101 2258 prae-

141 2280 296 2357 paratione,
311 2281 372 2342 sine
387 2281 594 2359 defatigatione
607 2281 699 2358 gravi,
714 2282 848 2360 pluribus
868 2282 947 2342 horis
962 2283 1031 2355 diei,
1049 2288 1104 2344 aut

139 2380 236 2454 etiam,
253 2402 319 2442 cum
332 2383 514 2460 fatigatione,
530 2386 592 2442 totu
605 2383 651 2442 die
666 2383 815 2442 ambulare
836 2381 983 2460 possunt?
1026 2383 1103 2449 Quis

141 2490 184 2540 est
198 2501 264 2540 vero
278 2485 339 2560 qui,
356 2503 537 2562 quacumque
548 2482 730 2560 providentia
744 2487 773 2542 et
787 2481 940 2558 diligentia
955 2483 1098 2554 adhibita,

142 2581 229 2640 etiam
255 2603 344 2642 unam
363 2584 471 2656 horam,
494 2583 556 2643 sine
576 2573 763 2644 ulla'mentis
791 2583 969 2659 evagatione,
992 2585 1100 2642 transi·

142 2702 209 2758 gere
222 2688 318 2760 potest
331 2683 363 2743 in
376 2685 563 2745 meditatione
577 2686 612 2746 de
627 2685 724 2764 aliquo
745 2686 887 2746 attributo
902 2687 966 2760 Dei,
983 2688 1019 2746 de
1034 2709 1100 2766 pus·
1188 2665 1189 2712 l

141 2783 221 2844 sione
236 2783 351 2858 Christi,
376 2785 411 2844 de
435 2786 547 2845 malitia
572 2787 691 2863 peccati,
720 2787 795 2848 dna?
835 2789 920 2848 Mens
934 2794 1032 2848 nostra
1045 2809 1098 2849 na-

141 2885 208 2940 tura
193 2880 339 2942 leviset
326 2883 467 2944 tmobilis
481 2890 566 2946 est“
576 2890 715 2963 tanquam
736 2887 831 2946 mollis
845 2887 925 2960 aer,”
949 2891 1097 2948 “etnun·

141 2981 429 3059 quamineodemst
417 2988 540 3063 tatupoi
532 2987 662 3048 ·tmane.’
667 2988 802 3060 ',Sane
824 2987 850 3046 si
871 2989 1096 3066 mentisevaga-

140 3079 182 3139 tio
195 3079 312 3140 omnino
336 3081 594 3144 involuntariat
555 3090 594 3144 ιιι
611 3085 643 3144 in
666 3106 696 3146 se
718 3087 778 3146 et'
769 3107 801 3146 ιιι
821 3107 915 3160 causa,
931 3092 1001 3148 tunc
1015 3091 1098 3151 abest

141 3180 229 3240 etiam
243 3181 365 3258 physica
384 3184 515 3259 potentia
535 3205 598 3244 eam
613 3187 737 3263 vitandi,
752 3191 782 3248 et
795 3188 911 3247 nullum
932 3193 976 3250 est
994 3209 1096 3268 pecca·

140 3283 221 3339 tum:
246 3281 296 3340 sed
309 3281 352 3341 ita
365 3304 395 3342 se
408 3304 454 3342 res
468 3285 518 3342 diu
531 3305 589 3344 non
602 3286 730 3347 habebit.

182 3382 228 3440 37.
258 3382 388 3458 Urpetur.
416 3383 581 3461 Singulust
582 3390 631 3444 ent
633 3385 773 3446 stiones
765 3407 797 3445 ιιι
820 3393 849 3447 ιο
852 3391 881 3447 ta
901 3388 983 3462 serie,
1008 3395 1095 3466 prout

140 3482 205 3538 actu
221 3479 368 3558 impetunt
381 3486 411 3543 et
424 3488 492 3544 actu
512 3489 583 3544 sunt
603 3487 779 3562 superandae,
800 3487 910 3548 habent
922 3508 981 3548 non
1001 3490 1094 3548 solum

140 3579 364 3644 difficultatem
354 3583 427 3664 ipsis
440 3605 492 3663 per
506 3607 535 3648 se
549 3590 579 3646 et
592 3606 720 3646 seorsum
735 3607 786 3648 seu
800 3591 885 3648 extra
898 3589 1001 3650 seriem
1015 3611 1093 3668 spec·
1187 3631 1188 3646 ι

1185 3573 1188 3740 l
