2424 4300
82 419 174 472 nise.
193 401 254 490 vn]
307 402 361 470 De
378 400 499 470 Gratz'a
513 401 605 470 Med.
621 408 683 470 aret
695 404 910 492 Elea—aeg.
995 403 1051 464 161

295 710 354 790 52.
376 713 519 774 Probatur
532 715 671 774 Doctrina
691 713 841 773 Oatloottoa.

87 897 137 951 16.
161 893 321 952 Pnorosmo
335 893 362 952 Ι.
385 895 479 952 Potest
499 893 574 953 tanao
589 891 691 969 lapsas,
707 894 772 954 sottc
786 893 893 954 oe'rr'tac
906 891 1047 952 natarali-

127 991 188 1065 bas,
204 991 263 1050 stae
272 993 371 1068 pratia
384 993 495 1053 interna
515 999 564 1052 aat
584 993 754 1068 revelatione,
771 995 903 1073 quasdam
916 993 1046 1053 veritates

126 1091 274 1167 retipionts
288 1093 427 1152 naturalis
441 1111 601 1170 cognoscere.

129 1249 176 1308 17.
196 1248 369 1326 Arpaoneata
380 1271 413 1310 ea
423 1251 456 1313 S.
470 1251 629 1328 Soriartara.
670 1253 881 1312 Aeecnsnruu
895 1253 921 1310 Ι.
946 1251 1046 1311 “Oceli

82 1354 224 1409 enarrant
246 1351 367 1427 gloriam
388 1352 452 1424 Dei,
476 1355 506 1411 et
533 1373 620 1429 opere
642 1371 782 1411 manuum
805 1351 867 1429 ejus
891 1351 1046 1410 annunt-iat

83 1449 313 1510 firmamentum.
364 1451 434 1510 Dies
458 1451 515 1511 diei
538 1455 650 1512 eructat
675 1454 805 1525 verbum,
836 1455 866 1511 et
886 1471 946 1511 nox
966 1450 1046 1510 nocti

82 1547 199 1607 indicat
226 1549 387 1610 scientiam.
436 1551 504 1610 Non
532 1556 602 1610 sunt
633 1551 755 1627 loquela
779 1571 874 1628 neque
901 1569 1045 1610 sermones

81 1667 210 1733 quorum
233 1669 292 1708 non
317 1650 472 1709 audiantur
492 1671 577 1710 voces
601 1651 729 1710 eorum.’'
754 1654 803 1710 doc.
825 1649 932 1710 Psalm.
958 1649 1043 1709 xviii.

82 1753 113 1821 2,
133 1751 184 1809 &a
224 1751 356 1810 Mundus
370 1750 417 1810 hic
432 1751 623 1828 aspectabilis,
647 1771 700 1828 per
721 1771 749 1810 se
770 1757 799 1810 et
820 1755 855 1810 ut
875 1751 965 1809 oculis
979 1769 1044 1808 con-

81 1849 253 1925 templatus,
269 1850 416 1910 mentibus
438 1851 568 1910 omnium
592 1852 698 1910 claram
721 1851 765 1928 (iu
786 1855 928 1927 quantum
945 1848 1045 1908 haberi

80 1949 195 2025 potest)
210 1953 240 2009 et
253 1954 360 2009 certam
373 1950 480 2026 ingerit
489 1949 624 2010 notitiam
635 1950 797 2010 existentiae
808 1949 864 2010 Dei
879 1954 908 2009 et
921 1951 1044 2010 attribu-

82 2053 181 2107 torum
191 2049 262 2126 ejus,
273 2049 398 2110 infinitae
412 2050 559 2127 potentiae,
572 2049 730 2127 sapientire,
743 2048 981 2127 pulchritudinis,
994 2052 1043 2111 doc.

81 2149 165 2225 Ergo
185 2152 282 2225 potest
307 2149 393 2207 homo
427 2149 536 2226 lapsus,
562 2152 613 2208 no.
658 2148 868 2226 Consequentia
891 2152 988 2225 patet:
1019 2148 1044 2208 si
1086 2178 1088 2182 ·

81 2248 163 2306 enim
178 2268 215 2308 ex
229 2232 291 2326 ipso
306 2249 366 2308 solo
380 2253 537 2326 conspectu
559 2249 662 2307 mundi
683 2249 811 2324 cognitio
831 2249 954 2307 istarum
970 2247 1043 2307 veri-

81 2354 178 2407 tatum
191 2348 350 2425 comparari
372 2352 476 2424 potest,
500 2347 564 2425 ipsa
584 2348 658 2407 ratio
681 2348 814 2408 omnibus
837 2365 914 2408 sana
937 2347 1044 2406 mentis

81 2446 173 2506 insita
187 2447 271 2507 docet
284 2468 312 2507 v.
323 2469 351 2524 g.
366 2448 502 2524 primaria
523 2447 615 2506 officis
631 2468 699 2524 erga
712 2451 828 2506 tentum
845 2450 1000 2506 creatorem
1014 2449 1044 2505 et

81 2546 233 2605 dominum
257 2547 396 2606 omnium.
444 2548 646 2606 Antecendens
667 2551 749 2624 patet
770 2567 807 2606 ex
828 2566 907 2605 mera
927 2533 1043 2604 enarre·

80 2633 163 2707 tione
172 2653 281 2707 textus.
317 2650 364 2706 Ex
378 2648 441 2725 ipsa
452 2648 693 2725 contemplatione
708 2648 854 2720 coelorum,
867 2648 943 2720 solis,
954 2645 1051 2721 lunae,'

80 2749 258 2821 stellarum
281 2770 380 2808 eorum
403 2749 546 2808 mirabilis
567 2749 726 2824 varietatis,
747 2749 908 2826 splendoris
922 2747 1042 2839 ordinis:

82 2872 142 2929 que
157 2871 270 2928 semper
284 2851 460 2922 constantis;
482 2851 577 2924 facile,
596 2851 679 2928 quasi
699 2851 731 2909 id
751 2851 809 2910 alta
822 2870 892 2910 voce
912 2851 963 2910 isti
977 2847 1043 2909 coel¹

80 2954 249 3012 enarrarent
263 2955 293 3010 et
307 2951 526 3020 annunciarent,
543 2951 691 3027 colligitur
712 2971 852 3010 summam
866 2970 926 3010 esse
940 2949 1042 3025 majes-

80 3058 181 3126 tatem,
194 3053 362 3113 felicitatem
373 3053 624 3130 omnimodamque
633 3055 833 3130 perfectionem
847 3053 1042 3131 (“gloriam’')

79 3153 147 3224 Dei,
163 3157 193 3213 et
206 3154 332 3212 maxime
353 3153 405 3212 illa
430 3152 526 3211 omnia
548 3173 609 3212 esse
632 3154 668 3212 ab
691 3173 723 3213 eo
748 3157 843 3213 creata
864 3153 900 3230 (“
912 3171 999 3230 opera
1012 3150 1039 3209 :’'

83 3260 101 3289 “
114 3255 209 3314 coeli'’
233 3259 263 3328 et
287 3252 559 3313 “firmamentum”
583 3254 660 3313 idem
683 3255 816 3330 sonant):
838 3253 881 3312 ita
900 3257 943 3323 ut,
958 3251 1042 3330 quasi

80 3355 189 3416 iterum
203 3375 251 3416 ore
265 3357 350 3433 plano
363 3356 486 3429 indutae,
499 3355 560 3414 dies
571 3355 695 3431 singulae
705 3355 808 3415 diebus
821 3354 1041 3431 insequentibus

81 3461 112 3516 et
120 3460 219 3516 noctes
231 3457 365 3516 noctibus
378 3457 440 3515 hoec
453 3455 485 3514 in
498 3460 672 3534 perpetuum
686 3456 833 3515 declarent
848 3477 856 3526 ;
878 3458 908 3513 ct
921 3453 963 3512 ita
977 3472 1040 3530 per·

82 3561 181 3638 spicue
195 3561 342 3622 declarent
352 3565 386 3622 ut
395 3561 495 3621 nullus
509 3561 547 3620 sit
557 3561 690 3639 populus,
703 3560 911 3638 cujuscumque
919 3557 1038 3634 lingua,

83 3663 144 3722 sive
158 3663 298 3724 barbarus
320 3663 380 3724 sire
396 3664 540 3736 excultus,
564 3663 616 3740 qui
638 3662 861 3721 declarationem
882 3660 968 3719 istam
982 3676 1042 3718 non
