2410 4314
199 418 242 483 70
574 401 631 464 Dc
646 400 778 465 Gratia
990 399 1097 483 [nien.
1114 421 1159 463 111.

123 619 127 630 ,
196 569 333 644 possunt;
347 567 455 644 quibus
464 567 623 644 perpensis,
635 567 711 627 ratio
723 566 877 625 manifesta
889 565 974 624 docet
986 566 1161 626 revelationi

197 667 239 726 sic
252 667 431 726 confirmatae
444 686 594 726 emensum
607 688 669 728 esse
680 667 878 744 praebendnm.

235 771 304 826 ⁴80.
325 767 412 827 Hanc
425 768 615 845 quaestionem
627 770 688 827 late
701 768 857 827 excutiunt
869 755 993 837 Suam,
1003 767 1028 824 1.
1043 771 1074 840 2,
1092 787 1118 826 c,
1134 773 1156 839 4,
1185 798 1186 801 ¹

196 868 354 940 111111,
376 867 412 927 dc
432 867 516 940 Fide,
537 869 566 927 d.
587 873 616 940 9,
636 889 659 926 s.
675 873 710 938 2;
732 869 880 927 Sauum.
900 867 975 943 disp.
992 871 1021 936 3,
1038 867 1114 926 dub.
1133 873 1155 925 3.

193 967 267 1028 Dico
290 969 332 1042 10,
347 967 537 1045 quaestionem
550 987 611 1028 non
624 987 685 1028 csse
704 968 741 1028 dc
760 965 887 1026 naturali
900 965 1073 1042 cognitione
1094 967 1157 1043 dog·

194 1071 307 1127 matum
327 1067 396 1127 fidei
410 1087 477 1145 quae
498 1068 572 1128 ratio
585 1069 781 1128 demonstrare
799 1070 896 1144 potest
917 1066 968 1143 (ut
988 1065 1155 1126 existentis

193 1166 273 1244 Dei),
285 1167 361 1228 etde
375 1187 490 1227 assensu
501 1169 629 1227 naturali
638 1169 781 1246 ejusmodi
789 1166 962 1227 veritatibus
974 1168 1155 1243 praestanda

192 1267 227 1326 ut
246 1271 360 1327 conth
382 1288 420 1327 cx
437 1269 521 1327 Rom.
538 1268 562 1328 i.
579 1273 625 1339 19,
644 1272 695 1328 oe.
718 1269 861 1338 Bressos,
876 1265 978 1324 Theol.
999 1266 1103 1326 Schol.
1126 1268 1153 1325 Τ.

195 1369 223 1438 4,
238 1366 267 1425 d.
281 1370 310 1439 4,
326 1387 355 1446 q.
373 1372 399 1442 l,
415 1389 441 1427 a.
455 1372 490 1438 2;
507 1368 649 1438 Smucen,
661 1369 689 1427 d.
701 1374 729 1440 4,
741 1388 770 1445 q.
786 1372 814 1438 2,
830 1371 895 1437 14,
907 1385 938 1425 n.
951 1359 978 1423 1.
1000 1367 1071 1425 Hoc
1080 1386 1151 1444 prcc-

192 1465 248 1526 4111
260 1479 393 1528 suctores
406 1473 575 1546 supponunt
587 1469 773 1546 potiusquam
793 1467 952 1526 declarant.
995 1466 1103 1526 Sermo
1116 1476 1152 1527 ost

191 1585 260 1644 ergo
280 1568 316 1628 de
329 1573 429 1628 nostra
443 1569 620 1629 revelatione
638 1569 806 1629 Christiano
825 1587 893 1626 cum
912 1565 974 1624 anis
993 1567 1149 1643 mysteriis,

191 1665 239 1726 vel
258 1666 347 1727 etiam
362 1669 397 1728 de
411 1669 509 1747 aliqua
522 1670 645 1728 veritate
664 1669 795 1728 revelata
814 1686 942 1726 seorsum
961 1685 1031 1726 cum
1046 1667 1151 1726 debitis

190 1765 308 1826 motivis
318 1768 521 1828 credibilitatis
533 1769 688 1846 proposita.
728 1768 771 1826 2⁰.
793 1768 914 1839 Iterum,
927 1786 1022 1826 sermo
1036 1786 1098 1826 non
1112 1773 1150 1826 est

190 1864 226 1926 de
234 1866 292 1927 tide
301 1885 338 1927 ex
349 1868 447 1946 aliquo
457 1889 547 1946 pravo
557 1873 610 1928 aut
619 1869 706 1946 plane
713 1869 810 1946 inepto
818 1865 926 1926 motivo
934 1866 1147 1939 credibilium,

191 1965 241 2024 sed
255 1985 292 2026 ex
306 1967 405 2045 aliquo
419 1969 538 2028 honesto
547 1973 577 2029 et
589 1969 690 2046 gravi,
704 1973 739 2027 ut
747 1968 772 2027 si
785 1967 851 2046 quis
861 1967 990 2026 crederet
998 1965 1147 2027 Christum

192 2085 253 2125 esse
264 2065 407 2127 divinitus
415 2068 537 2129 missum
550 2071 586 2129 ob
599 2055 739 2128 miracula
753 2069 788 2126 ab
802 2087 835 2127 eo
849 2067 935 2138 editu,
946 2065 1146 2126 testimonium

80 2168 84 2179 '
189 2169 360 2243 martyrum,
377 2170 438 2240 111,
454 2173 542 2246 prout
559 2170 745 2229 crediderunt
758 2172 803 2228 tot
822 2167 975 2244 scriptores
994 2169 1146 2227 acatholici

190 2265 243 2343 qui
257 2265 347 2325 libros
362 2268 518 2328 ediderunt
531 2271 567 2328 ad
582 2269 758 2347 probandam
772 2267 958 2326 divinitatem
973 2267 1147 2326 Christiana

189 2364 357 2442 Religionis,
384 2371 414 2426 et
440 2387 624 2446 nequaquam
651 2368 785 2426 credendi
808 2371 878 2426 sunt
899 2385 962 2425 esse
983 2368 1096 2426 versati
1119 2368 1147 2425 in

188 2463 352 2539 ignorantia
371 2465 536 2527 invincibili
551 2469 586 2527 de
601 2487 669 2526 vera
682 2467 820 2538 Ecclesia,
837 2471 889 2524 aut
902 2467 1041 2542 (Susura,
1059 2487 1084 2526 o.
1104 2471 1145 2537 10,

187 2583 215 2624 n.
227 2567 258 2644 5)
270 2565 409 2643 recepisse
422 2567 545 2642 gratiam
559 2568 701 2626 actualem
715 2567 751 2626 ad
765 2585 911 2626 assensum
923 2565 992 2624 fidoi
1006 2567 1144 2625 sterilem.

189 2665 230 2724 3⁰.
253 2665 374 2738 Ultimo,
392 2685 556 2725 sermonen
572 2671 615 2726 est
634 2667 683 2725 hic
698 2667 733 2725 de
747 2667 841 2742 gratia
858 2665 1027 2724 medicinali
1040 2667 1092 2726 sed
1113 2667 1145 2724 de

186 2765 280 2841 gratia
293 2766 433 2838 elevante,
450 2765 484 2824 11
497 2770 586 2842 patet.

224 2865 292 2926 ⁴⁶31.
316 2866 360 2924 Re
387 2866 428 2924 sic
448 2865 612 2942 composita,
636 2869 702 2942 post
721 2865 893 2924 immensam
913 2865 1140 2926 multitudinem

185 2963 393 3042 cogitationum
423 2969 453 3024 et
480 2965 762 3040 argumentationum
789 2985 861 3042 quas
888 2971 926 3024 cr'a
952 2968 1033 3024 omni
1060 2973 1141 3044 parta

185 3064 303 3143 quidum
317 3067 523 3142 congesserunt
541 3068 679 3136 auctores,
695 3065 822 3124 maxime
836 3067 957 3137 Suannz,
973 3067 1049 3124 mihi
1062 3067 1141 3126 locus
1186 3075 1187 3104 ³

183 3183 241 3224 non
261 3168 305 3225 est
323 3163 380 3224 nisi
398 3183 491 3242 pauca
514 3183 605 3242 eaque
627 3185 715 3242 qnam
735 3165 904 3224 brevissime
928 3165 1052 3224 dicendi.
1099 3168 1138 3224 1⁰.

183 3265 267 3326 Nihil
281 3263 368 3325 estin
383 3263 437 3324 hoo'
455 3269 623 3340 argumento
644 3265 806 3325 definitum.
860 3265 900 3325 2⁰.
919 3266 1021 3324 Potest
1038 3267 1138 3326 haberi

183 3383 316 3426 assensus
335 3363 403 3424 fidei
417 3364 558 3423 naturalis
571 3363 757 3442 imperfectus
771 3371 800 3424 et
820 3365 962 3424 infirmus.
1005 3366 1049 3426 30.
1074 3367 1137 3424 Non

182 3467 278 3544 potest
295 3464 396 3524 haberi
410 3483 540 3525 assensus
553 3464 621 3523 fidei
634 3463 775 3523 naturalis
789 3483 822 3522 11
834 3464 971 3524 firmitate
991 3469 1134 3537 constans,

182 3569 233 3624 aut
246 3583 280 3624 es
297 3563 405 3641 pietate
424 3563 562 3636 fervidus,
579 3567 630 3623 aut
648 3583 682 3623 ea
702 3563 920 3623 universalitate
938 3563 1134 3641 obsequiosus,

183 3681 270 3740 quam
284 3663 370 3724 habet
383 3664 455 3724 fides
473 3665 699 3742 supernaturalis
720 3668 749 3724 et
767 3663 919 3723 salutaris:
946 3682 980 3724 ea
994 3669 1039 3724 est
1059 3664 1134 3724 enim
