2438 4304
156 401 220 482 318
521 398 579 466 De
591 399 725 468 Gratrc.
944 398 1046 488 [nrsr.
1061 422 1106 469 rx.

153 585 256 639 semro,
271 563 404 645 alioquin
417 569 494 628 esset
511 567 618 628 debilis
631 572 663 628 ct
674 567 865 646 impensem
885 570 967 647 quod
980 570 1109 647 uplicst

153 667 294 730 Celsinus
312 686 365 746 per
385 667 610 730 similitudinem
623 667 685 728 olla
698 669 810 747 fiditis,
824 689 886 748 pso
897 670 932 730 sir
944 691 975 730 u
987 671 1110 732 recondit

152 787 263 828 aurum.
304 768 394 828 Porro
406 769 491 829 nullu
515 774 560 830 est
581 770 740 830 intrinseco
751 771 855 830 relatio
868 771 949 831 inter
961 775 1110 832 unrnnret

152 887 204 928 vos
217 865 325 939 flotils;
347 867 423 928 illud
435 867 513 930 eninr
527 889 641 948 semper
658 870 820 948 pretiosum
832 875 887 944 est,
902 870 986 930 istud
1000 889 1110 948 semper

153 966 221 1030 sile.
264 967 314 1028 Sic
328 967 463 1029 Christus
483 970 581 1042 «Iesus,
603 971 802 1048 apprehensus
814 989 868 1047 per
876 970 978 1043 fida,
993 975 1041 1030 est
1052 969 1113 1047 ipsc

155 1067 278 1147 puritas,
293 1068 381 1128 homo
394 1073 494 1130 nutem
512 1069 608 1130 fidelis
620 1074 667 1132 est
678 1070 815 1148 impurus
826 1070 860 1130 in
871 1075 972 1131 mento
984 1075 1017 1132 et
1029 1069 1112 1130 corde

155 1167 237 1232 suo.''
279 1170 476 1248 Pmosrfin.
491 1172 561 1232 556.

195 1271 243 1328 46.
265 1267 328 1329 111.
348 1268 419 1328 Tres
432 1283 501 1328 sunt
510 1268 731 1347 justificationis
744 1269 786 1330 sic
798 1270 906 1330 hubitae
920 1270 1114 1348 proprietates

155 1367 317 1447 precipue.
362 1369 400 1430 1⁰.
422 1368 510 1428 Omni
530 1369 570 1428 sic
584 1369 746 1447 justificato
765 1371 844 1430 inest
863 1370 1011 1430 certitudo
1031 1373 1113 1431 abso·
1203 1361 1204 1370 ¹

155 1468 228 1540 luts,
243 1468 336 1540 firma
351 1468 429 1528 clera
448 1487 508 1528 suae
519 1469 738 1544 justificationis
751 1476 782 1531 et
794 1471 903 1530 favoris
922 1471 1004 1548 spud
1018 1473 1115 1530 Deum

156 1568 193 1648 (“
204 1567 426 1646 ecceptsuce’');
449 1569 498 1628 oui
512 1569 683 1628 certitudini
703 1571 788 1630 nulls
800 1590 832 1630 sc
844 1570 991 1630 immiscet
1013 1571 1116 1630 umbro
1205 1552 1206 1590 ³

156 1667 268 1728 timoris
281 1668 329 1728 vel
342 1668 466 1744 angoris·
506 1669 548 1729 Et
560 1667 602 1728 sio
621 1669 747 1729 moriens
765 1671 886 1730 eundern
905 1669 1116 1731 certitudinem
1206 1700 1207 1736 r

156 1769 243 1830 hebet
256 1787 286 1828 se
297 1757 418 1846 j'srnjcm
431 1769 463 1828 in
477 1769 584 1828 coelunr
602 1788 663 1828 esse
676 1769 884 1846 recipiendum.
925 1770 966 1828 Et
978 1771 1116 1830 hese-cer·

156 1871 261 1944 titudo,
276 1888 335 1948 que
358 1871 423 1946 quis
446 1869 539 1930 credit
552 1889 582 1930 se
606 1889 667 1930 csse
688 1870 894 1948 justificatum,
908 1889 1013 1930 revers
1029 1869 1117 1930 certi-
1207 1846 1208 1882 ³

157 1972 228 2032 tudo
242 1969 310 2030 fidei
323 1973 377 2043 est,
392 1988 451 2028 non
465 1969 563 2029 minus
583 1989 616 2030 uc
629 1971 774 2031 certitudo
788 1972 926 2049 qusquis
939 1969 1118 2046 creditur.
1208 1992 1209 2002 ¹

156 2073 253 2134 Deum
271 2070 406 2132 existere.
446 2069 601 2132 Fundetur
620 2071 698 2132 enim
713 2077 772 2133 tum
791 2071 920 2149 generali
935 2070 1120 2132 revelatione

155 2171 187 2232 in
211 2171 408 2250 §.Scriptura
430 2169 518 2244 fecto,
533 2190 594 2248 quo
607 2159 687 2232 Deus
711 2171 870 2234 declararit
882 2191 913 2232 se
935 2177 1118 2249 peccatorem

156 2291 207 2352 per
230 2270 317 2334 istem
330 2270 467 2333 flducism
478 2270 659 2350 justificere3
684 2282 745 2333 tum
762 2272 850 2333 etium
864 2271 983 2350 speciali
1005 2270 1118 2332 illumi·

156 2373 274 2435 natione
298 2377 328 2434 et
350 2372 488 2447 motione,
514 2372 578 2451 ipso
603 2377 749 2434 momento
767 2371 996 2451 justificationis,
1022 2371 1119 2432 menti

157 2473 301 2535 divinitus
313 2472 452 2548 immisse,
467 2493 532 2552 quo
552 2473 624 2534 fecit
636 2474 784 2535 hominem
797 2474 841 2534 itu
853 2473 978 2548 credere,
994 2477 1027 2534 st
1040 2492 1118 2551 quae,

157 2557 190 2636 si'
205 2574 354 2652 existeret,
375 2592 444 2636 vers
470 2573 611 2634 revolutio
634 2577 718 2634 esset
759 2574 847 2646 Hinc,
870 2571 1009 2651 quonism
1030 2572 1120 2632 homo

160 2676 217 2736 iste
230 2674 346 2749 fiducie,
362 2692 453 2754 eoquo
466 2671 525 2734 cola
533 2671 724 2751 justificetur,
734 2676 852 2734 wnetur
865 2671 970 2742 omnis,
983 2676 1019 2732 ut
1028 2671 1119 2751 justi·

157 2774 269 2848 ficetur,
290 2773 425 2835 fiduciam
451 2777 483 2833 et
505 2772 713 2834 certitudinem
735 2772 818 2832 illem
838 2772 959 2832 hebere:
983 2770 1119 2850 alioquin

153 2872 311 2952 justitiosri
324 2892 381 2934 non
398 2875 502 2951 potest.
546 2869 589 2931 2⁰.
611 2872 685 2932 Cum
701 2872 820 2951 justitie
839 2869 985 2950 ejusmodi
1004 2873 1119 2931 nonsit

157 2970 221 3046 ejur
241 2967 366 3046 proprio,
383 2969 431 3028 sed
442 2968 561 3044 justitie
582 2968 692 3028 Christi
718 2968 762 3047 (in
784 2987 814 3028 se
836 2986 948 3044 semper
971 2966 1074 3028 ecdem
1089 2973 1119 3028 et

156 3066 323 3146 immnuta)
345 3065 372 3127 ei
385 3065 539 3144 imputate,
555 3067 678 3145 oequulis
698 3071 743 3128 est
762 3086 830 3143 ergo
840 3064 959 3145 justitia
976 3065 1009 3125 in
1023 3066 1118 3124 omni·

156 3169 221 3230 bus.
258 3164 299 3228 8⁰.
322 3165 906 3244 Lutherenitenentfidemjustificnntem
915 3163 1012 3226 omitti
1021 3183 1117 3242 posse,

157 3293 247 3352 eaque
269 3271 381 3347 emisso,
394 3269 542 3350 justitiam
564 3270 657 3350 ipsum
671 3270 782 3344 omitti3
805 3271 863 3330 fide
886 3274 983 3330 autem
1001 3289 1117 3330 conser-

157 3383 233 3450 vato,
246 3375 395 3456 justitium
415 3372 587 3445 conservari,
602 3376 633 3432 et
646 3391 713 3450 ergo
732 3373 787 3432 hoo
806 3372 866 3432 solo
887 3374 1008 3450 peccato
1030 3370 1118 3430 omis-

157 3474 246 3536 sionis
272 3475 342 3536 ssdei
368 3473 513 3554 (fiducie)
543 3471 670 3552 deperdi.
725 3471 895 3532 Ooivinistse
921 3473 1025 3532 teuent
1048 3470 1116 3548 jus·

157 3573 346 3635 tidcutionsur
376 3594 438 3634 esso
471 3573 601 3634 absolute
631 3570 848 3644 inamissiblem,
878 3573 909 3629 et
937 3569 1012 3629 solos
1046 3589 1116 3646 ergo

159 3672 265 3734 electos
289 3672 544 3750 cssejnstifloetos‚
560 3675 590 3733 et
603 3669 705 3732 eidem
725 3669 835 3730 fiduciis
858 3667 918 3748 qut
930 3666 997 3747 quis
1021 3668 1118 3731 eredit
