<?xml version="1.0" encoding="UTF-8"?>
<!DOCTYPE html PUBLIC "-//W3C//DTD XHTML 1.0 Transitional//EN"
    "http://www.w3.org/TR/xhtml1/DTD/xhtml1-transitional.dtd">
<html xmlns="http://www.w3.org/1999/xhtml" xml:lang="en" lang="en">
 <head>
  <title>
</title>
<meta http-equiv="Content-Type" content="text/html;charset=utf-8" />
  <meta name='ocr-system' content='tesseract 3.04.00' />
  <meta name='ocr-capabilities' content='ocr_page ocr_carea ocr_par ocr_line ocrx_word'/>
</head>
<body>
  <div class='ocr_page' id='page_1' title='image "./tractatusdegrat00murrgoog_0193.png"; bbox 0 0 2424 4300; ppageno 0'>
   <div class='ocr_carea' id='block_1_1' title="bbox 165 313 1126 408">
    <p class='ocr_par' dir='ltr' id='par_1_1' title="bbox 165 313 1126 408">
     <span class='ocr_line' id='line_1_1' title="bbox 165 313 1126 408; baseline -0.003 -21"><span class='ocrx_word' id='word_1_1' title='bbox 165 324 224 408; x_wconf 89' lang='lat'>178</span> <span class='ocrx_word' id='word_1_2' title='bbox 540 313 594 382; x_wconf 82' lang='lat' dir='ltr'>De</span> <span class='ocrx_word' id='word_1_3' title='bbox 612 313 743 383; x_wconf 67' lang='lat' dir='ltr'>Gratata.</span> <span class='ocrx_word' id='word_1_4' title='bbox 952 314 1058 407; x_wconf 74' lang='lat' dir='ltr'>[msa</span> <span class='ocrx_word' id='word_1_5' title='bbox 1075 341 1126 386; x_wconf 84' lang='lat' dir='ltr'>vr.</span> 
     </span>
    </p>
   </div>
   <div class='ocr_carea' id='block_1_2' title="bbox 96 477 1143 3266">
    <p class='ocr_par' dir='ltr' id='par_1_2' title="bbox 160 477 1130 1267">
     <span class='ocr_line' id='line_1_2' title="bbox 161 477 1128 565; baseline -0.001 -18"><span class='ocrx_word' id='word_1_6' title='bbox 161 487 249 565; x_wconf 89' lang='lat' dir='ltr'>primi</span> <span class='ocrx_word' id='word_1_7' title='bbox 271 485 398 558; x_wconf 87' lang='lat' dir='ltr'>motoris,</span> <span class='ocrx_word' id='word_1_8' title='bbox 425 485 456 542; x_wconf 91' lang='lat' dir='ltr'>id</span> <span class='ocrx_word' id='word_1_9' title='bbox 479 477 623 556; x_wconf 74' lang='grc'><strong>9161191,</strong></span> <span class='ocrx_word' id='word_1_10' title='bbox 647 485 688 543; x_wconf 91' lang='lat' dir='ltr'>sic</span> <span class='ocrx_word' id='word_1_11' title='bbox 707 485 796 544; x_wconf 89' lang='lat' dir='ltr'>etiam</span> <span class='ocrx_word' id='word_1_12' title='bbox 819 483 914 544; x_wconf 89' lang='lat' dir='ltr'>omnis</span> <span class='ocrx_word' id='word_1_13' title='bbox 937 487 1036 546; x_wconf 86' lang='lat' dir='ltr'>bonus</span> <span class='ocrx_word' id='word_1_14' title='bbox 1055 487 1128 546; x_wconf 88' lang='lat' dir='ltr'>finis</span> 
     </span>
     <span class='ocr_line' id='line_1_3' title="bbox 160 584 1127 662; baseline -0.002 -13"><span class='ocrx_word' id='word_1_15' title='bbox 160 592 257 648; x_wconf 89' lang='lat' dir='ltr'>movet</span> <span class='ocrx_word' id='word_1_16' title='bbox 269 589 301 646; x_wconf 91' lang='lat' dir='ltr'>in</span> <span class='ocrx_word' id='word_1_17' title='bbox 314 586 424 646; x_wconf 86' lang='lat' dir='ltr'>virtute</span> <span class='ocrx_word' id='word_1_18' title='bbox 437 584 534 642; x_wconf 89' lang='lat' dir='ltr'>ultimi</span> <span class='ocrx_word' id='word_1_19' title='bbox 548 584 623 642; x_wconf 89' lang='lat' dir='ltr'>finis.</span> <span class='ocrx_word' id='word_1_20' title='bbox 665 585 786 662; x_wconf 86' lang='lat' dir='ltr'>Alioqui</span> <span class='ocrx_word' id='word_1_21' title='bbox 795 605 854 644; x_wconf 91' lang='lat' dir='ltr'>non</span> <span class='ocrx_word' id='word_1_22' title='bbox 864 585 961 644; x_wconf 87' lang='lat' dir='ltr'>solum</span> <span class='ocrx_word' id='word_1_23' title='bbox 974 585 1127 661; x_wconf 84' lang='lat' dir='ltr'>infideles,</span> 
     </span>
     <span class='ocr_line' id='line_1_4' title="bbox 161 683 1126 763; baseline -0.002 -14"><span class='ocrx_word' id='word_1_24' title='bbox 161 689 312 748; x_wconf 84' lang='lat' dir='ltr'>sedetiam</span> <span class='ocrx_word' id='word_1_25' title='bbox 333 685 433 744; x_wconf 85' lang='lat' dir='ltr'>fideles</span> <span class='ocrx_word' id='word_1_26' title='bbox 454 687 484 746; x_wconf 87' lang='lat' dir='ltr'>et</span> <span class='ocrx_word' id='word_1_27' title='bbox 502 683 650 761; x_wconf 86' lang='lat' dir='ltr'>justisimi&#39;</span> <span class='ocrx_word' id='word_1_28' title='bbox 664 684 784 762; x_wconf 87' lang='lat' dir='ltr'>quique,</span> <span class='ocrx_word' id='word_1_29' title='bbox 807 705 922 762; x_wconf 87' lang='lat' dir='ltr'>semper</span> <span class='ocrx_word' id='word_1_30' title='bbox 944 693 1126 763; x_wconf 77' lang='lat' dir='ltr'>peccarent:</span> 
     </span>
     <span class='ocr_line' id='line_1_5' title="bbox 160 785 1130 864; baseline 0 -16"><span class='ocrx_word' id='word_1_31' title='bbox 160 808 235 861; x_wconf 85' lang='lat' dir='ltr'>curn,</span> <span class='ocrx_word' id='word_1_32' title='bbox 251 787 329 847; x_wconf 85' lang='lat' dir='ltr'>inter</span> <span class='ocrx_word' id='word_1_33' title='bbox 342 785 529 863; x_wconf 88' lang='lat' dir='ltr'>operandum,</span> <span class='ocrx_word' id='word_1_34' title='bbox 542 785 577 843; x_wconf 90' lang='grc'>69</span> <span class='ocrx_word' id='word_1_35' title='bbox 591 785 651 844; x_wconf 84' lang='grc' dir='ltr'>Β9ο</span> <span class='ocrx_word' id='word_1_36' title='bbox 666 805 725 843; x_wconf 87' lang='lat' dir='ltr'>non</span> <span class='ocrx_word' id='word_1_37' title='bbox 739 785 877 862; x_wconf 83' lang='lat' dir='ltr'>cogitant,</span> <span class='ocrx_word' id='word_1_38' title='bbox 895 786 947 845; x_wconf 86' lang='lat' dir='ltr'>sed</span> <span class='ocrx_word' id='word_1_39' title='bbox 960 793 1130 864; x_wconf 83' lang='lat' dir='ltr'><strong>operantur</strong></span> 
     </span>
     <span class='ocr_line' id='line_1_6' title="bbox 160 885 1129 966; baseline 0 -20"><span class='ocrx_word' id='word_1_40' title='bbox 160 889 230 965; x_wconf 88' lang='lat' dir='ltr'>qnia</span> <span class='ocrx_word' id='word_1_41' title='bbox 250 887 324 947; x_wconf 88' lang='lat' dir='ltr'>ratio</span> <span class='ocrx_word' id='word_1_42' title='bbox 348 887 439 946; x_wconf 89' lang='lat' dir='ltr'>dictat</span> <span class='ocrx_word' id='word_1_43' title='bbox 461 904 521 946; x_wconf 87' lang='lat' dir='ltr'>esse</span> <span class='ocrx_word' id='word_1_44' title='bbox 542 885 649 943; x_wconf 89' lang='lat' dir='ltr'>bonum</span> <span class='ocrx_word' id='word_1_45' title='bbox 664 898 693 944; x_wconf 87' lang='lat' dir='ltr'>et</span> <span class='ocrx_word' id='word_1_46' title='bbox 707 885 882 946; x_wconf 85' lang='lat' dir='ltr'>faciendum.</span> <span class='ocrx_word' id='word_1_47' title='bbox 925 887 1050 966; x_wconf 85' lang='lat' dir='ltr'>Itaque,</span> <span class='ocrx_word' id='word_1_48' title='bbox 1067 888 1129 948; x_wconf 91' lang='lat' dir='ltr'>nisi</span> 
     </span>
     <span class='ocr_line' id='line_1_7' title="bbox 160 986 1126 1069; baseline -0.001 -18"><span class='ocrx_word' id='word_1_49' title='bbox 160 995 320 1069; x_wconf 85' lang='lat' dir='ltr'>apponatur</span> <span class='ocrx_word' id='word_1_50' title='bbox 347 986 564 1048; x_wconf 78' lang='lat' dir='ltr'>circumstantia</span> <span class='ocrx_word' id='word_1_51' title='bbox 596 987 663 1046; x_wconf 86' lang='lat' dir='ltr'>finis</span> <span class='ocrx_word' id='word_1_52' title='bbox 686 989 765 1062; x_wconf 84' lang='lat' dir='ltr'>mali,</span> <span class='ocrx_word' id='word_1_53' title='bbox 800 1009 885 1048; x_wconf 92' lang='lat' dir='ltr'>omne</span> <span class='ocrx_word' id='word_1_54' title='bbox 912 1010 989 1066; x_wconf 88' lang='lat' dir='ltr'>opus</span> <span class='ocrx_word' id='word_1_55' title='bbox 1011 993 1126 1050; x_wconf 90' lang='lat' dir='ltr'>bonum</span> 
     </span>
     <span class='ocr_line' id='line_1_8' title="bbox 160 1087 1125 1169; baseline 0 -19"><span class='ocrx_word' id='word_1_56' title='bbox 160 1093 266 1152; x_wconf 87' lang='lat' dir='ltr'>morale</span> <span class='ocrx_word' id='word_1_57' title='bbox 279 1109 330 1168; x_wconf 90' lang='lat' dir='ltr'>per</span> <span class='ocrx_word' id='word_1_58' title='bbox 344 1110 373 1148; x_wconf 88' lang='lat' dir='ltr'>se</span> <span class='ocrx_word' id='word_1_59' title='bbox 387 1090 512 1147; x_wconf 86' lang='lat' dir='ltr'>refertur</span> <span class='ocrx_word' id='word_1_60' title='bbox 532 1087 564 1145; x_wconf 90' lang='lat' dir='ltr'>in</span> <span class='ocrx_word' id='word_1_61' title='bbox 592 1089 696 1159; x_wconf 88' lang='lat' dir='ltr'>Deum,</span> <span class='ocrx_word' id='word_1_62' title='bbox 720 1089 838 1150; x_wconf 89' lang='lat' dir='ltr'>etiamsi</span> <span class='ocrx_word' id='word_1_63' title='bbox 862 1094 965 1150; x_wconf 78' lang='lat' dir='ltr'>auctor</span> <span class='ocrx_word' id='word_1_64' title='bbox 978 1091 1081 1169; x_wconf 87' lang='lat' dir='ltr'>operis</span> <span class='ocrx_word' id='word_1_65' title='bbox 1095 1093 1125 1150; x_wconf 91' lang='lat' dir='ltr'>id</span> 
     </span>
     <span class='ocr_line' id='line_1_9' title="bbox 160 1187 917 1267; baseline 0 -17"><span class='ocrx_word' id='word_1_66' title='bbox 160 1212 217 1251; x_wconf 89' lang='lat' dir='ltr'>non</span> <span class='ocrx_word' id='word_1_67' title='bbox 231 1193 339 1267; x_wconf 80' lang='lat' dir='ltr'>cogitet</span> <span class='ocrx_word' id='word_1_68' title='bbox 353 1191 400 1248; x_wconf 85' lang='lat' dir='ltr'>vel</span> <span class='ocrx_word' id='word_1_69' title='bbox 414 1187 575 1248; x_wconf 86' lang='lat' dir='ltr'>intendat.&#39;’</span> <span class='ocrx_word' id='word_1_70' title='bbox 599 1191 748 1247; x_wconf 72' lang='lat' dir='ltr'>Banasam.</span> <span class='ocrx_word' id='word_1_71' title='bbox 759 1189 832 1249; x_wconf 83' lang='lat' dir='ltr'>ibid.</span> <span class='ocrx_word' id='word_1_72' title='bbox 847 1210 871 1248; x_wconf 91' lang='lat' dir='ltr'>c.</span> <span class='ocrx_word' id='word_1_73' title='bbox 889 1197 917 1251; x_wconf 92' lang='grc'>9.</span> 
     </span>
    </p>

    <p class='ocr_par' dir='ltr' id='par_1_3' title="bbox 96 1289 1143 1771">
     <span class='ocr_line' id='line_1_10' title="bbox 200 1289 1124 1368; baseline 0.002 -18"><span class='ocrx_word' id='word_1_74' title='bbox 200 1297 248 1350; x_wconf 91' lang='grc'>66.</span> <span class='ocrx_word' id='word_1_75' title='bbox 277 1291 438 1368; x_wconf 60' lang='grc'><strong>1711161112.</strong></span> <span class='ocrx_word' id='word_1_76' title='bbox 463 1291 537 1348; x_wconf 86' lang='lat' dir='ltr'>Cum</span> <span class='ocrx_word' id='word_1_77' title='bbox 555 1291 585 1346; x_wconf 90' lang='lat' dir='ltr'>in</span> <span class='ocrx_word' id='word_1_78' title='bbox 607 1309 693 1348; x_wconf 88' lang='lat' dir='ltr'>usum</span> <span class='ocrx_word' id='word_1_79' title='bbox 704 1289 825 1348; x_wconf 86' lang='lat' dir='ltr'>rationis</span> <span class='ocrx_word' id='word_1_80' title='bbox 833 1291 1022 1359; x_wconf 86' lang='lat' dir='ltr'>habentibus,</span> <span class='ocrx_word' id='word_1_81' title='bbox 1038 1313 1124 1352; x_wconf 90' lang='lat' dir='ltr'>secu·</span> 
     </span>
     <span class='ocr_line' id='line_1_11' title="bbox 96 1389 1125 1466; baseline 0 -14"><span class='ocrx_word' id='word_1_82' title='bbox 96 1402 99 1408; x_wconf 85' lang='lat'>&#39;</span> <span class='ocrx_word' id='word_1_83' title='bbox 160 1393 229 1452; x_wconf 88' lang='lat' dir='ltr'>dum</span> <span class='ocrx_word' id='word_1_84' title='bbox 252 1391 424 1451; x_wconf 82' lang='lat' dir='ltr'>sententiam</span> <span class='ocrx_word' id='word_1_85' title='bbox 451 1389 607 1460; x_wconf 88' lang='lat' dir='ltr'>meliorem,</span> <span class='ocrx_word' id='word_1_86' title='bbox 637 1409 695 1448; x_wconf 89' lang='lat' dir='ltr'>non</span> <span class='ocrx_word' id='word_1_87' title='bbox 722 1393 818 1466; x_wconf 87' lang='lat' dir='ltr'>potest</span> <span class='ocrx_word' id='word_1_88' title='bbox 844 1410 916 1462; x_wconf 84' lang='lat' dir='ltr'>esse,</span> <span class='ocrx_word' id='word_1_89' title='bbox 949 1391 1057 1452; x_wconf 89' lang='lat' dir='ltr'>saltem</span> <span class='ocrx_word' id='word_1_90' title='bbox 1087 1395 1125 1452; x_wconf 89' lang='lat' dir='ltr'>ad</span> 
     </span>
     <span class='ocr_line' id='line_1_12' title="bbox 158 1488 1123 1573; baseline 0.002 -23"><span class='ocrx_word' id='word_1_91' title='bbox 158 1493 280 1568; x_wconf 86' lang='lat' dir='ltr'>longum</span> <span class='ocrx_word' id='word_1_92' title='bbox 303 1496 427 1568; x_wconf 85' lang='lat' dir='ltr'>tempus,</span> <span class='ocrx_word' id='word_1_93' title='bbox 454 1488 619 1565; x_wconf 83' lang='lat' dir='ltr'>ignorantia</span> <span class='ocrx_word' id='word_1_94' title='bbox 635 1489 692 1548; x_wconf 89' lang='lat' dir='ltr'>Dei</span> <span class='ocrx_word' id='word_1_95' title='bbox 715 1489 907 1573; x_wconf 83' lang='lat' dir='ltr'>invincibilis3</span> <span class='ocrx_word' id='word_1_96' title='bbox 939 1511 1009 1568; x_wconf 86' lang='lat' dir='ltr'>ergo</span> <span class='ocrx_word' id='word_1_97' title='bbox 1031 1492 1066 1552; x_wconf 90' lang='lat' dir='ltr'>in</span> <span class='ocrx_word' id='word_1_98' title='bbox 1089 1513 1123 1552; x_wconf 92' lang='grc' dir='ltr'>9ο</span> 
     </span>
     <span class='ocr_line' id='line_1_13' title="bbox 159 1588 1122 1669; baseline -0.002 -17"><span class='ocrx_word' id='word_1_99' title='bbox 159 1597 236 1652; x_wconf 87' lang='grc'><strong>99169</strong></span> <span class='ocrx_word' id='word_1_100' title='bbox 259 1595 380 1669; x_wconf 88' lang='lat' dir='ltr'>peccant</span> <span class='ocrx_word' id='word_1_101' title='bbox 401 1589 534 1648; x_wconf 87' lang='lat' dir='ltr'>infideles</span> <span class='ocrx_word' id='word_1_102' title='bbox 553 1589 629 1665; x_wconf 92' lang='lat' dir='ltr'>quod</span> <span class='ocrx_word' id='word_1_103' title='bbox 652 1588 764 1647; x_wconf 90' lang='lat' dir='ltr'>nullam</span> <span class='ocrx_word' id='word_1_104' title='bbox 787 1592 930 1649; x_wconf 87' lang='lat' dir='ltr'>actionem</span> <span class='ocrx_word' id='word_1_105' title='bbox 957 1592 995 1649; x_wconf 88' lang='lat' dir='ltr'>ad</span> <span class='ocrx_word' id='word_1_106' title='bbox 1022 1592 1122 1652; x_wconf 89' lang='lat' dir='ltr'>Deum</span> 
     </span>
     <span class='ocr_line' id='line_1_14' title="bbox 159 1693 1143 1771; baseline -0.003 -17"><span class='ocrx_word' id='word_1_107' title='bbox 159 1693 298 1771; x_wconf 84' lang='lat' dir='ltr'>explicite</span> <span class='ocrx_word' id='word_1_108' title='bbox 311 1695 446 1752; x_wconf 86' lang='lat' dir='ltr'>referant.</span> <span class='ocrx_word' id='word_1_109' title='bbox 1140 1693 1143 1697; x_wconf 76' lang='grc'><strong>’</strong></span> 
     </span>
    </p>

    <p class='ocr_par' dir='ltr' id='par_1_4' title="bbox 154 1791 1121 2852">
     <span class='ocr_line' id='line_1_15' title="bbox 199 1791 1121 1870; baseline 0 -17"><span class='ocrx_word' id='word_1_110' title='bbox 199 1795 246 1853; x_wconf 88' lang='grc'>67.</span> <span class='ocrx_word' id='word_1_111' title='bbox 273 1794 353 1870; x_wconf 73' lang='lat' dir='ltr'>Respa.</span> <span class='ocrx_word' id='word_1_112' title='bbox 373 1793 412 1853; x_wconf 84' lang='lat'>1⁰.</span> <span class='ocrx_word' id='word_1_113' title='bbox 434 1793 521 1852; x_wconf 83' lang='lat' dir='ltr'>Esto:</span> <span class='ocrx_word' id='word_1_114' title='bbox 545 1791 594 1849; x_wconf 89' lang='lat' dir='ltr'>sed</span> <span class='ocrx_word' id='word_1_115' title='bbox 618 1809 676 1848; x_wconf 91' lang='lat' dir='ltr'>non</span> <span class='ocrx_word' id='word_1_116' title='bbox 700 1791 832 1867; x_wconf 86' lang='lat' dir='ltr'>sequitur</span> <span class='ocrx_word' id='word_1_117' title='bbox 855 1811 923 1850; x_wconf 86' lang='lat' dir='ltr'>eum</span> <span class='ocrx_word' id='word_1_118' title='bbox 945 1811 1068 1869; x_wconf 85' lang='lat' dir='ltr'>peccare</span> <span class='ocrx_word' id='word_1_119' title='bbox 1089 1793 1121 1852; x_wconf 91' lang='lat' dir='ltr'>in</span> 
     </span>
     <span class='ocr_line' id='line_1_16' title="bbox 158 1891 1119 1969; baseline -0.001 -16"><span class='ocrx_word' id='word_1_120' title='bbox 158 1895 272 1954; x_wconf 86' lang='lat' dir='ltr'>actibus</span> <span class='ocrx_word' id='word_1_121' title='bbox 292 1894 361 1965; x_wconf 89' lang='lat' dir='ltr'>illis,</span> <span class='ocrx_word' id='word_1_122' title='bbox 378 1894 438 1969; x_wconf 90' lang='lat' dir='ltr'>qui,</span> <span class='ocrx_word' id='word_1_123' title='bbox 455 1895 489 1949; x_wconf 91' lang='lat' dir='ltr'>ut</span> <span class='ocrx_word' id='word_1_124' title='bbox 502 1891 563 1968; x_wconf 90' lang='lat' dir='ltr'>jam</span> <span class='ocrx_word' id='word_1_125' title='bbox 573 1891 687 1949; x_wconf 65' lang='lat' dir='ltr'>‘dictum</span> <span class='ocrx_word' id='word_1_126' title='bbox 708 1894 761 1961; x_wconf 89' lang='lat' dir='ltr'>est,</span> <span class='ocrx_word' id='word_1_127' title='bbox 785 1911 822 1950; x_wconf 86' lang='lat' dir='ltr'>ex</span> <span class='ocrx_word' id='word_1_128' title='bbox 843 1911 872 1950; x_wconf 88' lang='lat' dir='ltr'>se</span> <span class='ocrx_word' id='word_1_129' title='bbox 892 1896 923 1951; x_wconf 92' lang='lat' dir='ltr'>et</span> <span class='ocrx_word' id='word_1_130' title='bbox 937 1896 1047 1952; x_wconf 87' lang='lat' dir='ltr'>natura</span> <span class='ocrx_word' id='word_1_131' title='bbox 1061 1895 1119 1952; x_wconf 90' lang='lat' dir='ltr'>im-</span> 
     </span>
     <span class='ocr_line' id='line_1_17' title="bbox 157 1991 1118 2071; baseline -0.001 -21"><span class='ocrx_word' id='word_1_132' title='bbox 157 1993 256 2071; x_wconf 87' lang='lat' dir='ltr'>plicite</span> <span class='ocrx_word' id='word_1_133' title='bbox 273 1992 304 2050; x_wconf 91' lang='lat' dir='ltr'>in</span> <span class='ocrx_word' id='word_1_134' title='bbox 328 1993 423 2050; x_wconf 90' lang='lat' dir='ltr'>Deum</span> <span class='ocrx_word' id='word_1_135' title='bbox 450 1991 634 2050; x_wconf 86' lang='lat' dir='ltr'>referuntur:</span> <span class='ocrx_word' id='word_1_136' title='bbox 668 1991 745 2066; x_wconf 89' lang='lat' dir='ltr'>quod</span> <span class='ocrx_word' id='word_1_137' title='bbox 770 1991 862 2050; x_wconf 90' lang='lat' dir='ltr'>solnm</span> <span class='ocrx_word' id='word_1_138' title='bbox 890 2012 942 2051; x_wconf 88' lang='lat' dir='ltr'>nos</span> <span class='ocrx_word' id='word_1_139' title='bbox 963 2013 1118 2069; x_wconf 87' lang='lat' dir='ltr'>negamus.</span> 
     </span>
     <span class='ocr_line' id='line_1_18' title="bbox 159 2090 1118 2168; baseline 0.003 -18"><span class='ocrx_word' id='word_1_140' title='bbox 159 2098 196 2152; x_wconf 79' lang='lat'>2⁰.</span> <span class='ocrx_word' id='word_1_141' title='bbox 218 2093 247 2152; x_wconf 87' lang='lat' dir='ltr'><strong>N</strong></span> <span class='ocrx_word' id='word_1_142' title='bbox 250 2113 301 2168; x_wconf 79' lang='lat' dir='ltr'>ego</span> <span class='ocrx_word' id='word_1_143' title='bbox 316 2091 567 2168; x_wconf 89' lang='lat' dir='ltr'>consequentiam:</span> <span class='ocrx_word' id='word_1_144' title='bbox 594 2095 613 2124; x_wconf 88' lang='lat'><strong>“</strong></span> <span class='ocrx_word' id='word_1_145' title='bbox 623 2110 690 2148; x_wconf 90' lang='lat' dir='ltr'>nam</span> <span class='ocrx_word' id='word_1_146' title='bbox 711 2090 849 2166; x_wconf 84' lang='lat' dir='ltr'>obligatio</span> <span class='ocrx_word' id='word_1_147' title='bbox 869 2093 945 2150; x_wconf 88' lang='lat' dir='ltr'>circa</span> <span class='ocrx_word' id='word_1_148' title='bbox 959 2092 1059 2152; x_wconf 90' lang='lat' dir='ltr'>Deum</span> <span class='ocrx_word' id='word_1_149' title='bbox 1073 2098 1118 2153; x_wconf 86' lang='lat' dir='ltr'>est</span> 
     </span>
     <span class='ocr_line' id='line_1_19' title="bbox 155 2191 1116 2267; baseline 0.001 -17"><span class='ocrx_word' id='word_1_150' title='bbox 155 2192 302 2263; x_wconf 83' lang='lat' dir='ltr'>ordinata;</span> <span class='ocrx_word' id='word_1_151' title='bbox 335 2196 365 2250; x_wconf 89' lang='grc'>96</span> <span class='ocrx_word' id='word_1_152' title='bbox 391 2193 477 2250; x_wconf 88' lang='lat' dir='ltr'>homo</span> <span class='ocrx_word' id='word_1_153' title='bbox 505 2191 587 2267; x_wconf 86' lang='lat' dir='ltr'>prius</span> <span class='ocrx_word' id='word_1_154' title='bbox 615 2194 732 2250; x_wconf 86' lang='lat' dir='ltr'>tenetur</span> <span class='ocrx_word' id='word_1_155' title='bbox 759 2191 896 2266; x_wconf 87' lang='lat' dir='ltr'>indagare</span> <span class='ocrx_word' id='word_1_156' title='bbox 923 2191 1116 2252; x_wconf 81' lang='lat' dir='ltr'>existentiam</span> 
     </span>
     <span class='ocr_line' id='line_1_20' title="bbox 155 2290 1116 2370; baseline 0.001 -19"><span class='ocrx_word' id='word_1_157' title='bbox 155 2293 216 2352; x_wconf 79' lang='lat' dir='ltr'>veri</span> <span class='ocrx_word' id='word_1_158' title='bbox 232 2292 295 2364; x_wconf 87' lang='lat' dir='ltr'>Dei,</span> <span class='ocrx_word' id='word_1_159' title='bbox 317 2311 404 2369; x_wconf 87' lang='lat' dir='ltr'>quam</span> <span class='ocrx_word' id='word_1_160' title='bbox 428 2311 495 2350; x_wconf 86' lang='lat' dir='ltr'>suas</span> <span class='ocrx_word' id='word_1_161' title='bbox 517 2290 643 2350; x_wconf 83' lang='lat' dir='ltr'>actiones</span> <span class='ocrx_word' id='word_1_162' title='bbox 666 2291 701 2348; x_wconf 89' lang='lat' dir='ltr'>ad</span> <span class='ocrx_word' id='word_1_163' title='bbox 726 2311 793 2350; x_wconf 91' lang='lat' dir='ltr'>eum</span> <span class='ocrx_word' id='word_1_164' title='bbox 811 2291 928 2352; x_wconf 85' lang='lat' dir='ltr'>referre.</span> <span class='ocrx_word' id='word_1_165' title='bbox 972 2293 1116 2370; x_wconf 86' lang='lat' dir='ltr'>Adeoque</span> 
     </span>
     <span class='ocr_line' id='line_1_21' title="bbox 154 2390 1113 2472; baseline -0.001 -21"><span class='ocrx_word' id='word_1_166' title='bbox 154 2393 270 2472; x_wconf 90' lang='lat' dir='ltr'>quando</span> <span class='ocrx_word' id='word_1_167' title='bbox 304 2391 416 2450; x_wconf 88' lang='lat' dir='ltr'>infideli</span> <span class='ocrx_word' id='word_1_168' title='bbox 443 2391 557 2468; x_wconf 88' lang='lat' dir='ltr'>aliquid</span> <span class='ocrx_word' id='word_1_169' title='bbox 582 2390 686 2449; x_wconf 87' lang='lat' dir='ltr'>incidit</span> <span class='ocrx_word' id='word_1_170' title='bbox 713 2391 748 2449; x_wconf 90' lang='lat' dir='ltr'>de</span> <span class='ocrx_word' id='word_1_171' title='bbox 775 2391 931 2451; x_wconf 86' lang='lat' dir='ltr'>existentia</span> <span class='ocrx_word' id='word_1_172' title='bbox 956 2393 1020 2452; x_wconf 84' lang='lat' dir='ltr'>veri</span> <span class='ocrx_word' id='word_1_173' title='bbox 1048 2393 1113 2466; x_wconf 89' lang='lat' dir='ltr'>Dei,</span> 
     </span>
     <span class='ocr_line' id='line_1_22' title="bbox 154 2490 1115 2568; baseline 0.001 -17"><span class='ocrx_word' id='word_1_174' title='bbox 154 2493 205 2553; x_wconf 88' lang='lat' dir='ltr'>illc</span> <span class='ocrx_word' id='word_1_175' title='bbox 219 2496 348 2552; x_wconf 90' lang='lat' dir='ltr'>nontam</span> <span class='ocrx_word' id='word_1_176' title='bbox 361 2495 461 2568; x_wconf 88' lang='lat' dir='ltr'>peccat</span> <span class='ocrx_word' id='word_1_177' title='bbox 475 2511 511 2550; x_wconf 87' lang='lat' dir='ltr'>ex</span> <span class='ocrx_word' id='word_1_178' title='bbox 526 2492 645 2567; x_wconf 87' lang='lat' dir='ltr'>eoquod</span> <span class='ocrx_word' id='word_1_179' title='bbox 661 2511 727 2549; x_wconf 90' lang='lat' dir='ltr'>suas</span> <span class='ocrx_word' id='word_1_180' title='bbox 741 2490 867 2551; x_wconf 85' lang='lat' dir='ltr'>actiones</span> <span class='ocrx_word' id='word_1_181' title='bbox 881 2493 917 2550; x_wconf 89' lang='lat' dir='ltr'>ad</span> <span class='ocrx_word' id='word_1_182' title='bbox 931 2512 999 2551; x_wconf 92' lang='lat' dir='ltr'>eum</span> <span class='ocrx_word' id='word_1_183' title='bbox 1013 2493 1115 2552; x_wconf 89' lang='lat' dir='ltr'>imme·</span> 
     </span>
     <span class='ocr_line' id='line_1_23' title="bbox 154 2591 1115 2670; baseline 0 -18"><span class='ocrx_word' id='word_1_184' title='bbox 154 2594 232 2652; x_wconf 82' lang='lat' dir='ltr'>dicte</span> <span class='ocrx_word' id='word_1_185' title='bbox 264 2597 293 2652; x_wconf 90' lang='lat' dir='ltr'>et</span> <span class='ocrx_word' id='word_1_186' title='bbox 320 2591 458 2668; x_wconf 83' lang='lat' dir='ltr'>explicite</span> <span class='ocrx_word' id='word_1_187' title='bbox 486 2611 542 2649; x_wconf 93' lang='lat' dir='ltr'>non</span> <span class='ocrx_word' id='word_1_188' title='bbox 578 2592 694 2664; x_wconf 84' lang='lat' dir='ltr'>referet,</span> <span class='ocrx_word' id='word_1_189' title='bbox 728 2611 816 2668; x_wconf 88' lang='lat' dir='ltr'>quam</span> <span class='ocrx_word' id='word_1_190' title='bbox 844 2592 922 2669; x_wconf 85' lang='lat' dir='ltr'>quod</span> <span class='ocrx_word' id='word_1_191' title='bbox 949 2593 1015 2670; x_wconf 87' lang='lat' dir='ltr'>ejus</span> <span class='ocrx_word' id='word_1_192' title='bbox 1039 2592 1115 2652; x_wconf 82' lang='lat' dir='ltr'>exis·</span> 
     </span>
     <span class='ocr_line' id='line_1_24' title="bbox 155 2673 1114 2768; baseline -0.002 -15"><span class='ocrx_word' id='word_1_193' title='bbox 155 2692 279 2753; x_wconf 86' lang='lat' dir='ltr'>tentiam</span> <span class='ocrx_word' id='word_1_194' title='bbox 313 2711 372 2750; x_wconf 91' lang='lat' dir='ltr'>non</span> <span class='ocrx_word' id='word_1_195' title='bbox 406 2691 555 2766; x_wconf 84' lang='lat' dir='ltr'>indaget.&#39;&#39;</span> <span class='ocrx_word' id='word_1_196' title='bbox 578 2692 725 2764; x_wconf 76' lang='lat' dir='ltr'>Sarnaca,</span> <span class='ocrx_word' id='word_1_197' title='bbox 768 2691 796 2752; x_wconf 91' lang='grc'>6.</span> <span class='ocrx_word' id='word_1_198' title='bbox 831 2697 859 2763; x_wconf 85' lang='grc'>4,</span> <span class='ocrx_word' id='word_1_199' title='bbox 895 2712 923 2768; x_wconf 87' lang='lat' dir='ltr'>q.</span> <span class='ocrx_word' id='word_1_200' title='bbox 958 2696 986 2764; x_wconf 86' lang='lat'>2,</span> <span class='ocrx_word' id='word_1_201' title='bbox 1023 2673 1067 2751; x_wconf 86' lang='lat' dir='ltr'>a.¹</span> <span class='ocrx_word' id='word_1_202' title='bbox 1087 2696 1114 2765; x_wconf 86' lang='lat'>2,</span> 
     </span>
     <span class='ocr_line' id='line_1_25' title="bbox 154 2797 226 2852; baseline 0.014 -2"><span class='ocrx_word' id='word_1_203' title='bbox 154 2812 183 2851; x_wconf 91' lang='grc'>1.</span> <span class='ocrx_word' id='word_1_204' title='bbox 199 2797 226 2852; x_wconf 91' lang='lat'>6.</span> 
     </span>
    </p>

    <p class='ocr_par' dir='ltr' id='par_1_5' title="bbox 154 2888 1117 3065">
     <span class='ocr_line' id='line_1_26' title="bbox 196 2888 1117 2965; baseline 0.002 -18"><span class='ocrx_word' id='word_1_205' title='bbox 196 2896 239 2948; x_wconf 86' lang='grc'>68.</span> <span class='ocrx_word' id='word_1_206' title='bbox 267 2890 366 2965; x_wconf 80' lang='lat' dir='ltr'>Otject.</span> <span class='ocrx_word' id='word_1_207' title='bbox 386 2894 431 2948; x_wconf 83' lang='lat'>10.</span> <span class='ocrx_word' id='word_1_208' title='bbox 452 2889 522 2965; x_wconf 88' lang='lat' dir='ltr'>Ipsa</span> <span class='ocrx_word' id='word_1_209' title='bbox 532 2888 690 2948; x_wconf 79' lang='lat' dir='ltr'>infidelitas</span> <span class='ocrx_word' id='word_1_210' title='bbox 704 2889 735 2948; x_wconf 91' lang='lat' dir='ltr'>iu</span> <span class='ocrx_word' id='word_1_211' title='bbox 750 2909 862 2948; x_wconf 86' lang='lat' dir='ltr'>omnam</span> <span class='ocrx_word' id='word_1_212' title='bbox 877 2893 975 2948; x_wconf 87' lang='lat' dir='ltr'>actum</span> <span class='ocrx_word' id='word_1_213' title='bbox 989 2889 1117 2949; x_wconf 89' lang='lat' dir='ltr'>infidelis</span> 
     </span>
     <span class='ocr_line' id='line_1_27' title="bbox 154 2987 741 3065; baseline 0.002 -18"><span class='ocrx_word' id='word_1_214' title='bbox 154 2987 253 3048; x_wconf 90' lang='lat' dir='ltr'>influit</span> <span class='ocrx_word' id='word_1_215' title='bbox 267 2989 434 3060; x_wconf 85' lang='lat' dir='ltr'>necessario,</span> <span class='ocrx_word' id='word_1_216' title='bbox 451 3007 576 3065; x_wconf 87' lang='lat' dir='ltr'>eumque</span> <span class='ocrx_word' id='word_1_217' title='bbox 591 2988 632 3047; x_wconf 89' lang='lat' dir='ltr'>sic</span> <span class='ocrx_word' id='word_1_218' title='bbox 645 2988 741 3048; x_wconf 86' lang='lat' dir='ltr'>vitiat.</span> 
     </span>
    </p>

    <p class='ocr_par' dir='ltr' id='par_1_6' title="bbox 159 3086 1116 3266">
     <span class='ocr_line' id='line_1_28' title="bbox 197 3086 1116 3167; baseline 0.004 -21"><span class='ocrx_word' id='word_1_219' title='bbox 197 3094 245 3146; x_wconf 74' lang='lat'><strong>65).</strong></span> <span class='ocrx_word' id='word_1_220' title='bbox 267 3089 352 3163; x_wconf 77' lang='lat' dir='ltr'>Rcap.</span> <span class='ocrx_word' id='word_1_221' title='bbox 373 3086 467 3162; x_wconf 85' lang='lat' dir='ltr'>Nego.</span> <span class='ocrx_word' id='word_1_222' title='bbox 513 3095 532 3120; x_wconf 84' lang='lat'>‘⁴</span> <span class='ocrx_word' id='word_1_223' title='bbox 549 3089 620 3146; x_wconf 82' lang='lat' dir='ltr'>Haec</span> <span class='ocrx_word' id='word_1_224' title='bbox 647 3089 772 3149; x_wconf 85' lang='lat' dir='ltr'>conditio</span> <span class='ocrx_word' id='word_1_225' title='bbox 804 3109 935 3167; x_wconf 79' lang='lat' dir='ltr'>personae</span> <span class='ocrx_word' id='word_1_226' title='bbox 967 3090 1116 3166; x_wconf 85' lang='lat' dir='ltr'>operantis</span> 
     </span>
     <span class='ocr_line' id='line_1_29' title="bbox 159 3186 1116 3266; baseline 0.005 -21"><span class='ocrx_word' id='word_1_227' title='bbox 159 3205 215 3246; x_wconf 90' lang='lat' dir='ltr'>noa</span> <span class='ocrx_word' id='word_1_228' title='bbox 251 3191 295 3245; x_wconf 89' lang='lat' dir='ltr'>est</span> <span class='ocrx_word' id='word_1_229' title='bbox 326 3186 487 3244; x_wconf 85' lang='lat' dir='ltr'>necessaria</span> <span class='ocrx_word' id='word_1_230' title='bbox 516 3187 735 3248; x_wconf 86' lang='lat' dir='ltr'>circumstantia</span> <span class='ocrx_word' id='word_1_231' title='bbox 761 3189 935 3266; x_wconf 82' lang='lat' dir='ltr'>operationis</span> <span class='ocrx_word' id='word_1_232' title='bbox 962 3188 1037 3266; x_wconf 87' lang='lat' dir='ltr'>ejus,</span> <span class='ocrx_word' id='word_1_233' title='bbox 1067 3191 1116 3250; x_wconf 85' lang='lat' dir='ltr'>cad</span> 
     </span>
    </p>
   </div>
   <div class='ocr_carea' id='block_1_3' title="bbox 45 3278 1113 3365">
    <p class='ocr_par' dir='ltr' id='par_1_7' title="bbox 45 3278 1113 3365">
     <span class='ocr_line' id='line_1_30' title="bbox 45 3278 1113 3365; baseline 0.004 -20"><span class='ocrx_word' id='word_1_234' title='bbox 45 3278 50 3284; x_wconf 72' lang='grc'><strong>’</strong></span> <span class='ocrx_word' id='word_1_235' title='bbox 156 3290 271 3347; x_wconf 89' lang='lat' dir='ltr'>tantum</span> <span class='ocrx_word' id='word_1_236' title='bbox 295 3284 520 3345; x_wconf 89' lang='lat' dir='ltr'>concomitanter</span> <span class='ocrx_word' id='word_1_237' title='bbox 542 3307 572 3346; x_wconf 88' lang='lat' dir='ltr'>se</span> <span class='ocrx_word' id='word_1_238' title='bbox 594 3289 701 3348; x_wconf 86' lang='lat' dir='ltr'>habet:</span> <span class='ocrx_word' id='word_1_239' title='bbox 724 3289 801 3365; x_wconf 90' lang='lat' dir='ltr'>quia,</span> <span class='ocrx_word' id='word_1_240' title='bbox 827 3289 897 3348; x_wconf 90' lang='lat' dir='ltr'>licet</span> <span class='ocrx_word' id='word_1_241' title='bbox 918 3288 957 3348; x_wconf 89' lang='lat' dir='ltr'>sit</span> <span class='ocrx_word' id='word_1_242' title='bbox 977 3288 1113 3362; x_wconf 85' lang='lat' dir='ltr'>infidelis,</span> 
     </span>
    </p>
   </div>
   <div class='ocr_carea' id='block_1_4' title="bbox 157 3384 1206 3666">
    <p class='ocr_par' dir='ltr' id='par_1_8' title="bbox 157 3384 1206 3666">
     <span class='ocr_line' id='line_1_31' title="bbox 157 3384 1116 3466; baseline 0.005 -22"><span class='ocrx_word' id='word_1_243' title='bbox 157 3406 215 3444; x_wconf 92' lang='lat' dir='ltr'>non</span> <span class='ocrx_word' id='word_1_244' title='bbox 236 3391 371 3462; x_wconf 86' lang='lat' dir='ltr'>operatur</span> <span class='ocrx_word' id='word_1_245' title='bbox 385 3388 419 3442; x_wconf 93' lang='lat' dir='ltr'>ut</span> <span class='ocrx_word' id='word_1_246' title='bbox 433 3384 584 3464; x_wconf 55' lang='lat' dir='ltr'>infidelis„</span> <span class='ocrx_word' id='word_1_247' title='bbox 596 3407 691 3464; x_wconf 90' lang='lat' dir='ltr'>neque</span> <span class='ocrx_word' id='word_1_248' title='bbox 715 3409 751 3446; x_wconf 85' lang='lat' dir='ltr'>ex</span> <span class='ocrx_word' id='word_1_249' title='bbox 775 3389 871 3466; x_wconf 88' lang='lat' dir='ltr'>aliquo</span> <span class='ocrx_word' id='word_1_250' title='bbox 891 3409 994 3456; x_wconf 82' lang='lat' dir='ltr'>errore,</span> <span class='ocrx_word' id='word_1_251' title='bbox 1018 3391 1069 3449; x_wconf 87' lang='lat' dir='ltr'>sed</span> <span class='ocrx_word' id='word_1_252' title='bbox 1082 3395 1116 3449; x_wconf 92' lang='lat' dir='ltr'>ut</span> 
     </span>
     <span class='ocr_line' id='line_1_32' title="bbox 158 3485 1114 3564; baseline 0.006 -20"><span class='ocrx_word' id='word_1_253' title='bbox 158 3485 286 3544; x_wconf 86' lang='lat' dir='ltr'>naturali</span> <span class='ocrx_word' id='word_1_254' title='bbox 296 3487 407 3545; x_wconf 89' lang='lat' dir='ltr'>ratione</span> <span class='ocrx_word' id='word_1_255' title='bbox 419 3489 512 3544; x_wconf 86' lang='lat' dir='ltr'>utens.</span> <span class='ocrx_word' id='word_1_256' title='bbox 556 3488 639 3546; x_wconf 81' lang='lat' dir='ltr'>Sicut</span> <span class='ocrx_word' id='word_1_257' title='bbox 654 3489 689 3547; x_wconf 89' lang='grc'>69</span> <span class='ocrx_word' id='word_1_258' title='bbox 703 3494 851 3564; x_wconf 88' lang='lat' dir='ltr'>peccatore</span> <span class='ocrx_word' id='word_1_259' title='bbox 865 3490 947 3548; x_wconf 89' lang='lat' dir='ltr'>fideli</span> <span class='ocrx_word' id='word_1_260' title='bbox 961 3490 1114 3550; x_wconf 89' lang='lat' dir='ltr'>dicendum</span> 
     </span>
     <span class='ocr_line' id='line_1_33' title="bbox 160 3583 1206 3666; baseline 0.006 -22"><span class='ocrx_word' id='word_1_261' title='bbox 160 3583 246 3644; x_wconf 85' lang='lat' dir='ltr'>etiam</span> <span class='ocrx_word' id='word_1_262' title='bbox 262 3589 313 3659; x_wconf 87' lang='lat' dir='ltr'>est,</span> <span class='ocrx_word' id='word_1_263' title='bbox 329 3585 400 3644; x_wconf 91' lang='lat' dir='ltr'>licet</span> <span class='ocrx_word' id='word_1_264' title='bbox 419 3585 561 3645; x_wconf 88' lang='lat' dir='ltr'>malitiam</span> <span class='ocrx_word' id='word_1_265' title='bbox 584 3589 742 3646; x_wconf 79' lang='lat' dir='ltr'>habitualis</span> <span class='ocrx_word' id='word_1_266' title='bbox 767 3591 877 3666; x_wconf 86' lang='lat' dir='ltr'>peccati</span> <span class='ocrx_word' id='word_1_267' title='bbox 898 3590 1012 3661; x_wconf 88' lang='lat' dir='ltr'>habeat,</span> <span class='ocrx_word' id='word_1_268' title='bbox 1035 3590 1114 3649; x_wconf 87' lang='lat' dir='ltr'>illum</span> <span class='ocrx_word' id='word_1_269' title='bbox 1205 3631 1206 3658; x_wconf 53' lang='lat'><strong><em>;</em></strong></span> 
     </span>
    </p>
   </div>
   <div class='ocr_carea' id='block_1_5' title="bbox 0 0 1216 4300">
    <p class='ocr_par' dir='ltr' id='par_1_9' title="bbox 0 0 1216 4300">
     <span class='ocr_line' id='line_1_34' title="bbox 0 0 1216 4300; baseline 0 1"><span class='ocrx_word' id='word_1_270' title='bbox 0 0 1216 4300; x_wconf 95' lang='lat' dir='ltr'> </span> 
     </span>
    </p>
   </div>
  </div>
 </body>
</html>
