2408 4304
171 423 235 501 426
560 421 615 485 De
633 417 768 486 Gratata.
971 418 1069 505 [mse.
1084 437 1137 484 ιιι.

173 587 291 662 Christi,
307 588 358 648 sed
373 589 409 648 ab
423 589 484 648 illis
498 591 663 648 naseuntur
679 611 688 658 ς
713 589 744 647 et
758 587 912 665 quidquid
925 587 994 664 ipsa
1003 587 1141 665 justornm

172 687 276 746 merita
295 687 390 746 laudis
410 689 528 760 habent,
549 687 581 746 id
603 693 690 746 totam
710 688 861 747 redundat
881 688 916 746 in
929 688 1053 747 leudem
1065 688 1142 746 meri·
1191 735 1192 768 p

171 792 267 848 torum
282 788 400 848 Christi.
438 790 505 866 Ipse
517 792 562 848 est
575 788 654 858 enim
665 787 744 858 vitis,
761 808 816 846 nos
830 788 993 865 palmites:
1019 788 1142 862 etaient

171 889 282 966 palmes
295 907 354 948 non
365 893 463 966 potest
475 889 549 949 ferre
562 889 701 961 fraretum,
724 888 784 948 nisi
803 889 953 948 manserit
967 889 1002 948 in
1016 891 1088 961 vite,
1106 887 1142 946 sio

173 995 204 1048 et
217 1007 269 1048 nos
287 987 364 1048 nihil
383 1007 536 1066 possumus
556 989 618 1048 sine
632 987 747 1049 Christo
761 989 866 1048 faeere.
910 990 956 1048 Et
971 989 1053 1048 sient
1065 1007 1141 1048 nano

172 1109 302 1168 unquam
320 1090 364 1150 ita
377 1089 515 1166 desipuit,
538 1093 573 1150 ut
586 1071 695 1148 ditaret
714 1089 832 1149 detrahi
851 1091 890 1149 de
910 1090 1015 1165 gloria
1027 1090 1142 1162 vitis,si

174 1189 310 1268 palmites
322 1189 416 1266 ipsius
429 1191 557 1248 multum
570 1189 702 1250 fructum
716 1189 860 1248 adferant.
905 1190 961 1250 Ita
976 1209 1077 1263 nemo,
1091 1190 1140 1248 nisi

172 1291 259 1368 plane
281 1289 397 1363 stultus,
422 1290 518 1350 dicere
540 1291 635 1367 potest
657 1289 773 1349 detrahi
794 1289 833 1348 de
856 1289 959 1364 gloria
981 1289 1139 1362 Christisi

172 1391 249 1450 servi
263 1391 336 1468 ejus,
358 1409 410 1468 per
430 1391 552 1466 gratiam
569 1392 642 1466 ejus,
661 1408 714 1467 per
729 1389 867 1466 spiritum
882 1390 963 1466 ejus,
988 1409 1046 1467 per
1059 1391 1137 1450 fidem

173 1495 203 1550 et
215 1493 374 1562 oaritatem,
387 1492 429 1550 ab
453 1479 517 1568 ipso
536 1490 708 1566 inspiratam
728 1491 805 1549 bona
825 1509 915 1567 opera
935 1491 1066 1564 faoiant,
1080 1511 1137 1569 qua

172 1592 215 1652 ita
227 1611 295 1652 vere
316 1595 384 1652 sunt
401 1592 491 1670 justa,
507 1590 597 1651 uteie
611 1590 750 1650 debeatur
770 1583 790 1649 a
807 1590 889 1668 justo
908 1591 1020 1668 judice
1041 1611 1138 1652 aorona

167 1693 320 1772 justitiae.’'

214 1797 261 1856 89.
284 1792 324 1852 3⁰.
347 1792 479 1870 Tantum¹
494 1792 574 1851 abest
592 1793 627 1850 ut
644 1783 757 1850 meritis
776 1790 884 1850 nostris
909 1791 1019 1867 gloriae
1041 1797 1072 1853 et
1084 1795 1135 1854 effi·

173 1893 258 1954 oaaiae
280 1895 450 1953 meritorum
465 1892 573 1953 Christi
586 1891 766 1964 detrahatur,
788 1895 824 1950 ut
837 1911 853 1951 e
867 1892 1020 1952 oontrario
1035 1895 1135 1953 exinde

172 1993 220 2054 his
233 1993 344 2054 meritis
358 1993 489 2070 specialis
496 1991 591 2069 gloria
600 1994 630 2052 et
638 1991 763 2051 effioaoia
776 1992 904 2052 aooedat.
948 1993 1049 2054 Nobis
1063 1996 1133 2054 enin
1191 2009 1192 2056 ι

172 2113 231 2153 non
252 2094 344 2152 solum
367 2094 476 2153 meruit
495 2092 587 2152 vitam
608 2095 755 2164 aeternam,
778 2091 941 2152 sedetiam
967 2095 1083 2156 meruit
1103 2099 1133 2155 ut

172 2215 258 2273 opera
271 2199 369 2256 nostra
385 2215 436 2274 per
456 2215 521 2255 eum
536 2194 676 2272 ingratia
695 2195 773 2254 faeta
785 2197 899 2254 tantem
912 2195 1064 2256 haberent
1076 2199 1130 2273 dig-
1191 2193 1192 2218 ³

172 2297 296 2356 nitatem
316 2301 352 2356 ut
369 2297 434 2375 ipsa
453 2297 582 2375 ejusdem
602 2295 752 2356 meritoria
767 2298 874 2354 essent.
919 2297 1041 2357 “Siout
1060 2299 1131 2376 quod

173 2417 267 2459 oausae
287 2400 435 2460 naturales
454 2399 565 2477 possint
578 2397 691 2475 aliquid
711 2397 829 2469 efficere,
852 2417 912 2456 non
933 2399 1129 2476 derogatinfi·

172 2499 242 2572 nitae
256 2499 394 2576 potentiae
414 2503 444 2559 et
458 2499 617 2558 efficientiae
631 2498 696 2570 Dei,
720 2492 771 2555 sed
783 2498 884 2574 potius
895 2498 981 2558 illius
994 2501 1129 2561 virtutem

174 2600 320 2660 ostendit:
342 2599 412 2676 quia
435 2619 494 2658 non
517 2599 611 2658 solum
632 2597 773 2658 virtutem
796 2597 942 2658 effioiendi
961 2600 1063 2673 habet,
1083 2602 1128 2660 sed

174 2698 263 2758 etiam
283 2702 380 2776 potest
401 2698 472 2758 alios
490 2697 645 2758 efficientes
667 2697 786 2768 efficere,
798 2683 925 2756 'servata
945 2698 1004 2758 sibi
1024 2700 1126 2759 nihilo·
1191 2719 1192 2770 3

174 2799 272 2858 minus
292 2817 405 2876 semper
424 2799 540 2876 propria
559 2797 732 2858 excellentia
752 2796 853 2874 primae
866 2803 899 2858 et
911 2799 1089 2860 universalis
1101 2805 1126 2861 et

173 2899 395 2976 independentis
407 2897 529 2959 oaaeoe.”
570 2899 691 2970 Susam,
707 2898 728 2956 1.
743 2917 767 2958 a.

215 3005 263 3058 90.
286 3000 334 3058 Ad
355 3001 509 3060 rorandum,
558 2999 599 3059 10.
621 2999 797 3076 Distinguo:
838 2999 871 3061 si
898 3000 1006 3061 merita
1031 3007 1125 3064 nostra

173 3105 298 3184 spectari
317 3105 428 3182 possint
447 3108 483 3166 ut
502 3104 616 3166 meritis
630 3105 739 3166 Christi
759 3105 892 3183 opposita
912 3110 943 3166 et
960 3109 998 3166 ab
1018 3109 1057 3168 iis
1069 3110 1123 3188 allo

172 3206 256 3264 modo
278 3205 519 3282 independentis:
548 3205 703 3265 Transeat:
734 3205 766 3265 Si
786 3205 845 3265 sint
864 3209 929 3266 tota
949 3208 987 3266 ab
1004 3209 1042 3267 iis
1055 3209 1123 3269 deri·

171 3311 239 3366 vata
253 3310 282 3364 et
296 3309 357 3364 tota
371 3303 452 3363 iniis
471 3305 550 3377 nixa,
571 3323 668 3382 neque
690 3305 775 3365 aliter
792 3309 844 3364 aut
857 3325 918 3365 esse
936 3311 990 3366 aut
1004 3307 1121 3385 spectari

170 3407 301 3484 possint:
324 3407 415 3482 Nego.
432 3406 471 3466 2⁰.
492 3406 582 3466 Plura
592 3425 677 3484 opera
685 3407 778 3467 faeere
785 3425 937 3484 possumus
947 3420 1068 3485 propter
1074 3429 1120 3487 po-

171 3507 293 3566 tentiam
302 3505 359 3565 Dei
372 3505 455 3564 nobis
466 3505 637 3566 eafaoiendi
649 3506 809 3583 potentiam
822 3507 1037 3583 impertientis:
1059 3528 1120 3584 ergo

174 3625 256 3682 reque
269 3607 401 3682 potentes
414 3624 515 3664 sumus
528 3625 561 3664 ao
575 3608 664 3678 Deus,
679 3606 699 3666 i.
713 3625 737 3666 e.
753 3597 966 3683 omnipotentes
980 3609 1100 3667 sumus!

214 3707 262 3767 91.
286 3703 334 3765 Ad
362 3703 484 3766 tortium.
522 3705 681 3787 Responsio
705 3709 786 3789 patet
811 3725 850 3771 ex
876 3705 972 3767 dietis.
1018 3707 1116 3773 “Nam
1191 3711 1192 3744 ³
