2402 4292
161 395 220 458 272
527 374 584 439 De
607 373 738 440 Gratis.
923 375 1029 464 [mar.
1047 401 1121 444 mr.

162 543 290 602 tionem.”
331 542 418 614 Idem,
435 541 464 600 d.
481 542 528 600 87.
561 541 683 618 (Literna
694 541 818 600 cursirae
831 541 865 600 in
879 543 938 602 hoc
952 543 1033 604 sicut
1047 545 1122 604 etin

161 643 262 702 ceteris
272 641 343 701 locis
356 660 394 699 ax
408 645 524 700 auctore
537 641 593 700 isto
603 641 758 717 exscriptis
770 661 872 701 omnes
885 661 961 702 meae
975 646 1076 720 sunt.)

200 747 248 802 98.
270 741 313 801 4⁰.
334 741 413 800 Note
424 741 513 798 verba
532 745 552 776 ‘⁴
561 741 626 816 lege
645 739 811 798 ordinaria''
834 741 868 799 in
888 743 954 800 ioco
975 763 1077 820 supra,
1091 765 1120 804 n.

161 846 208 914 89,
224 840 377 917 exscripto.
419 839 614 917 Nequaquam
625 840 703 899 enim
715 843 804 914 negat
818 841 945 900 norm
958 844 1121 921 aliqnando
1192 903 1193 924 ¹

161 941 223 1000 dari
238 941 345 1018 gratias
368 940 620 1011 extraordinarias,
642 939 686 998 ita
702 939 833 999 intensas
847 945 884 999 ut
904 942 950 1000 eis
968 944 1122 1003 moraliter

160 1043 255 1102 rasisti
269 1061 327 1101 non
339 1041 438 1118 possit.
481 1041 561 1099 Talis
581 1041 640 1098 fuit
660 1041 755 1116 gratia
774 1041 842 1099 data
864 1042 895 1101 S.
910 1044 1017 1115 Paulo,
1033 1045 1119 1120 Mag-

160 1143 279 1214 dolens,
296 1145 347 1204 iro.
388 1141 484 1201 Etiam
508 1141 540 1199 in
561 1141 626 1216 lege
647 1141 794 1200 ordinaria
816 1161 876 1200 non
900 1144 998 1202 omnis
1018 1148 1114 1220 gratia

160 1241 280 1320 mqualis
293 1246 345 1314 cst,
369 1243 419 1300 sed
440 1242 497 1299 alia
517 1241 575 1300 alia
594 1241 705 1313 sortior,
728 1246 759 1299 et
778 1241 810 1298 id
824 1242 992 1320 perplures
1006 1245 1115 1319 gratim

159 1363 251 1420 usqua
262 1343 297 1401 ad
306 1363 440 1418 magnam
451 1339 660 1400 intensitatem.¹
691 1341 785 1400 Nulla
798 1346 897 1400 tamen
908 1345 999 1401 datur
1008 1345 1111 1420 gratia,

159 1442 246 1504 etiam
265 1442 386 1502 minima
406 1450 436 1501 et
456 1441 633 1511 tenuissima,
655 1459 729 1518 quse,
751 1459 838 1520 sensu
857 1441 1032 1513 Molinisno,
1055 1463 1113 1502 non

159 1542 198 1602 sit
214 1561 282 1601 rere
302 1545 332 1600 et
351 1541 465 1618 proprie
485 1541 629 1600 sufficiens
648 1541 685 1598 ad
705 1540 841 1599 effectum
861 1541 899 1598 ad
915 1561 1006 1618 quem
1025 1543 1112 1602 datur

158 1642 378 1720 assequendum.

199 1747 245 1801 94.
269 1743 310 1800 60.
334 1742 406 1801 Cum
427 1741 462 1798 de
483 1739 597 1798 duobus
617 1737 740 1816 gratiam
759 1738 970 1816 recipientibus
992 1742 1030 1800 ad
1051 1761 1115 1800 con·

160 1841 319 1902 versionem
331 1843 395 1920 (aut
405 1841 441 1899 ad
452 1841 575 1917 quodvis
589 1839 670 1898 aliud
680 1859 751 1916 opus
765 1840 892 1900 salutare
902 1843 1115 1919 praestandum)

161 1939 275 2012 dicitur,
291 1943 433 2018 utsupra,
449 1959 478 2000 n.
495 1944 542 2011 91,
559 1939 683 1997 altarum
696 1938 826 1997 converti
838 1959 930 2015 posse,
948 1941 1021 1999 dum
1033 1942 1114 2014 ulter,
1192 1913 1193 1942 ³

162 2039 212 2118 qui
226 2040 365 2118 aequalem
381 2045 431 2099 aut
442 2043 530 2098 etiam
540 2039 626 2114 longe
636 2038 774 2115 majorem
787 2039 914 2114 gratiam
924 2041 1041 2112 habuit,
1057 2061 1115 2099 non

161 2143 355 2212 convertetur,
377 2139 431 2198 hoc
448 2157 559 2216 semper
578 2137 803 2213 intelligendum
822 2141 867 2197 est
881 2139 918 2197 de
931 2140 1029 2215 gratia
1041 2160 1114 2216 prae-

162 2235 297 2298 vcnicnta
317 2257 366 2298 seu
387 2238 543 2298 excitante.
586 2237 646 2303 uui
667 2236 745 2295 enim
764 2235 866 2311 gratiae
881 2239 1026 2296 excitanti
1038 2239 1114 2298 cedit

161 2343 192 2400 et
212 2339 392 2399 convertitur
412 2339 470 2414 jam
493 2338 581 2396 habet
601 2336 724 2412 gratiam
745 2335 935 2411 adjuvantem
957 2337 1035 2414 (sive
1054 2338 1113 2396 haec

162 2437 201 2500 ait
220 2437 352 2498 influxus
372 2457 467 2497 novus
487 2437 580 2513 ipsius
600 2435 702 2512 gratiae
722 2435 938 2511 pravenientia
961 2437 1025 2496 sive
1038 2457 1112 2496 non:

163 2539 190 2599 d.
208 2545 234 2612 8,
256 2557 285 2600 n.
302 2539 343 2614 7),
373 2557 460 2615 quam
483 2537 533 2595 ille
557 2537 609 2612 qui
633 2534 733 2609 gratiae
757 2535 902 2594 excitanti
924 2537 1036 2596 restitit
1057 2555 1113 2594 non

163 2639 257 2700 habet.
291 2639 375 2698 Unda
389 2637 420 2696 in
431 2638 524 2712 rigore
532 2655 633 2695 verum
643 2655 701 2692 non
712 2639 757 2692 est
768 2635 864 2694 dicere
874 2655 934 2693 non
945 2655 1114 2694 conversum
1190 2621 1191 2658 ³

163 2741 192 2798 in
208 2758 274 2798 cusu
289 2739 393 2798 habero
406 2737 499 2814 m'ajus
514 2741 564 2794 aut
575 2735 686 2811 aequale
697 2734 850 2803 auxilium,
861 2734 920 2792 nisi
935 2735 1116 2810 significetur

163 2837 306 2898 auxilium
327 2839 428 2912 grotioe
449 2836 614 2907 excitantis,
638 2834 716 2910 quod
730 2839 829 2890 tamen
843 2853 958 2910 semper
973 2835 1114 2911 significa·

163 2945 220 2997 tur.
261 2935 346 3008 Idan,
363 2937 390 2995 d.
407 2940 453 3010 88,
470 2957 558 3014 propo
571 2937 668 3006 finem,
684 2957 757 2995 vers.
794 2935 873 2993 “Ad
888 2935 1076 2994 secundam.’'

207 3039 252 3094 95.
277 3033 317 3095 0⁰.
343 3035 444 3095 Gratiis
465 3037 645 3094 voluntatem
669 3037 824 3107 excitante,
848 3035 986 3116 voluntas
1017 3035 1046 3094 ei
1069 3037 1117 3093 ant

162 3135 295 3198 resistere
317 3143 369 3194 aut
390 3135 491 3194 cedere
515 3139 617 3212 potest
660 3136 692 3195 Si
712 3135 838 3206 resistat,
861 3133 976 3193 resistit
995 3135 1114 3193 nonob-

163 3241 258 3298 stante
273 3239 310 3308 ct,
326 3241 362 3295 ut
375 3234 417 3296 ita
430 3235 532 3306 dicam,
548 3235 686 3294 renitente
699 3235 802 3312 gratia,
814 3233 879 3310 ipsa
893 3234 956 3292 sola
964 3233 1114 3292 voluntate

163 3345 308 3414 operante.
344 3336 376 3396 si
389 3335 481 3408 cedat,
498 3335 575 3394 cedit
589 3355 647 3394 nou
658 3335 722 3412 ipsa
736 3335 797 3393 solu
810 3353 941 3410 operans,
957 3334 1009 3392 ssd
1023 3331 1114 3410 gratiis

163 3435 194 3494 in
208 3457 271 3496 eam
285 3441 315 3496 et
329 3455 395 3496 oum
410 3455 444 3495 ea
460 3441 573 3511 egente.
615 3434 700 3493 Unde
720 3438 803 3510 patet
815 3434 1001 3492 voluntatem
1015 3434 1113 3508 gratia

163 3536 311 3594 cedentem
320 3555 503 3612 nequaquam
512 3535 620 3592 nudam
629 3554 679 3593 rau
690 3554 742 3610 per
751 3533 826 3592 vires
834 3533 983 3591 naturales
993 3532 1111 3608 operari¹

162 3637 212 3696 scd
225 3637 342 3696 omnino
356 3657 394 3696 ox
408 3637 502 3712 gratia
515 3641 546 3698 et
559 3655 625 3695 cum
638 3639 751 3712 gratia:
774 3635 876 3711 gratiae
892 3633 971 3692 nihii
991 3634 1110 3704 confert,
