2430 4304
149 359 209 423 186
528 348 578 418 De
596 349 727 419 Gralzo.
943 349 1042 438 [orer.
1059 371 1107 419 vr.

147 543 246 584 revera
258 521 394 600 praefatos
412 520 527 579 iruotus
547 521 637 580 bonos
659 539 707 580 eos
729 539 801 592 esse,
817 519 854 578 ad
867 538 940 597 quos
954 519 1110 596 capiendos

147 621 367 682 constituuntur
380 622 508 698 pastores
522 621 552 678 et
566 619 695 679 doctores
709 638 819 691 omnes,
835 619 996 696 presertim
1010 623 1109 679 extre·

147 719 289 780 ordinarie
312 720 411 793 missi;
434 723 463 779 et
486 718 559 778 tales
580 718 728 796 percipere
749 720 862 778 fruetus
885 739 1066 780 munusesse
1080 725 1112 780 et

147 820 271 880 officium
286 840 394 893 eorum,
420 823 452 878 ut
470 819 519 892 eie,
545 839 597 896 per
611 840 640 879 se
655 819 843 879 manifestum
864 823 916 892 est,
932 823 963 879 et
974 824 1058 897 patet
1072 839 1111 880 ex

148 920 242 980 verbis
275 920 392 991 Christi,
425 919 509 980 Joan.
540 940 591 980 xv.
622 923 740 980 16:—“
755 918 841 995 Elegi
869 939 929 994 vos,
962 923 994 979 et
1022 919 1112 998 posui

147 1043 207 1090 vos,
242 1027 276 1081 ut
310 1022 382 1082 eatis
416 1027 446 1081 et
480 1021 608 1080 fructum
642 1021 769 1080 afferatis
803 1025 833 1080 et
866 1020 981 1080 fructus
1010 1025 1112 1080 vester

146 1120 301 1195 maneat;’'
324 1125 354 1182 et
378 1141 415 1180 ex
439 1120 536 1180 verbis
555 1122 585 1180 S.
610 1121 705 1194 Pauli,
731 1122 815 1180 Rom.
838 1122 858 1178 i.
885 1122 1111 1197 13:-“Soepe

147 1222 283 1301 proposui
306 1221 405 1282 venire
434 1222 471 1281 ad
496 1241 557 1293 vos,
580 1227 615 1281 ut
637 1221 766 1298 aliquem
786 1221 917 1280 fructum
939 1221 1063 1280 habeam
1076 1227 1112 1280 et

147 1323 180 1383 in
193 1322 283 1398 vobis,
306 1322 383 1382 sieut
403 1326 432 1382 et
452 1321 484 1380 in
511 1322 621 1382 oaeteris
641 1321 815 1398 gentibus;”
842 1326 872 1381 et
895 1341 932 1381 ex
954 1321 1111 1400 Scriptura

147 1423 264 1502 passim.

188 1528 236 1584 83.
263 1522 364 1600 Objeet.
383 1526 429 1582 15.
452 1521 485 1581 Si
498 1528 631 1600 peccator
651 1527 747 1601 posset
767 1541 839 1600 opus
860 1521 987 1582 salutare
1000 1523 1108 1594 faeere,

147 1645 176 1686 v.
186 1645 213 1702 g.
228 1625 385 1685 orationem
406 1623 572 1698 salutarem,
587 1624 668 1683 Deus
685 1643 754 1683 eum
767 1622 799 1682 in
812 1624 866 1684 hoo
881 1643 965 1702 opere
979 1622 1107 1684 audiret.

147 1726 205 1787 Sed
226 1730 245 1762 “
255 1727 335 1787 Deus
345 1728 508 1802 peccatores
521 1743 580 1782 non
593 1723 705 1783 audit.'’
726 1723 810 1783 Joan.
826 1723 867 1782 ix.
884 1728 932 1783 31.

188 1830 235 1886 84.
256 1826 343 1901 aaa
366 1823 487 1900 Triplex
507 1827 552 1882 est
571 1823 726 1900 responsio,
754 1843 877 1900 quarum
891 1821 997 1900 quavis
1011 1842 1065 1900 per
1075 1843 1108 1884 se

148 1926 317 1985 dissolvitur
329 1924 462 2002 objectio.
506 1924 545 1984 1⁰.
568 1927 639 1984 Haeo
660 1943 718 1983 non
738 1929 808 1984 sunt
827 1925 915 1984 verbe
929 1925 959 1983 S.
976 1923 1109 2002 Spiritus

153 2026 202 2083 sed
216 2025 284 2085 eaeoi
298 2025 370 2098 nati,
386 2024 435 2083 oui
455 2024 533 2082 oculi
547 2043 564 2082 e
578 2024 692 2084 Christo
716 2023 847 2084 restituti
863 2030 948 2083 sunt:
971 2043 1024 2084 nee
1038 2044 1107 2102 pro·

146 2126 253 2186 bantur
275 2125 307 2184 in
331 2125 489 2202 Scriptura,
513 2126 563 2184 sed
581 2145 659 2184 mere
682 2129 847 2186 narrantur.
890 2125 930 2186 2⁰.
952 2126 1034 2186 Deus
1046 2145 1107 2184 non

147 2227 230 2286 audit
242 2211 405 2304 peooatores
419 2227 471 2302 qui
491 2232 608 2304 peceato
628 2227 785 2301 adherent,
808 2227 937 2286 animum
950 2227 1026 2286 ineo
1039 2247 1106 2304 per-

146 2328 297 2387 severandi
311 2328 428 2398 hebent,
444 2333 474 2385 et
488 2327 560 2386 alios
574 2347 591 2386 a
605 2333 683 2386 reeta
693 2327 740 2386 via
754 2328 785 2386 in
799 2347 923 2388 errorem
936 2327 1087 2386 abducunt
1100 2344 1108 2398 ;

145 2429 261 2507 qualem
279 2448 339 2489 esee
354 2427 502 2487 Christum
516 2428 747 2506 pronunciabunt
764 2428 913 2504 Pharisaei,
930 2429 1107 2506 adquorum

146 2534 273 2588 mentem
294 2529 448 2606 respondet
472 2547 565 2588 oeeous
588 2535 684 2588 natus.
727 2526 768 2587 3⁰.
789 2529 919 2588 Maxime
943 2530 1025 2586 Deus
1048 2547 1107 2586 non

146 2631 230 2690 audit
243 2635 404 2706 peccatores
418 2630 567 2708 ejusmodi,
584 2631 627 2688 ita
640 2636 674 2689 ut
687 2649 739 2708 per
753 2649 809 2702 eos,
826 2631 862 2688 ad
876 2649 976 2688 eorum
990 2631 1108 2689 fraudes

146 2731 311 2804 firmendas,
340 2731 481 2791 miracula
508 2736 659 2809 operetur3
689 2749 755 2810 quae
779 2730 868 2790 etiem
894 2730 1042 2808 responsio
1069 2731 1107 2790 ad

147 2832 304 2890 eorundem
318 2838 446 2890 mentem
460 2837 530 2891 erat

186 2937 234 2990 85.
259 2931 359 3008 object.
371 2937 417 2990 16.
442 2933 566 2992 “Radix
577 2932 707 2992 omnium
717 2931 859 2992 melorum
872 2936 917 2992 est
930 2930 1105 3009 eupiditas.”

149 3033 250 3092 lTim.
267 3033 306 3092 vi.
324 3037 371 3092 10.
428 3034 506 3108 Ergo
526 3033 680 3112 cupiditas,
707 3051 773 3111 quoe
795 3032 828 3091 in
852 3032 932 3092 omni
952 3037 1106 3110 peccatore

43 3185 45 3191 ,
147 3139 200 3207 est,
215 3134 258 3193 ita
270 3133 301 3193 in
315 3154 349 3192 eo
360 3133 533 3210 dominatur,
557 3146 592 3194 ut
615 3135 712 3196 omnia
735 3136 799 3214 ejus
816 3154 902 3214 opera
915 3155 953 3194 ex
964 3153 1007 3208 ea,
1020 3132 1107 3212 quasi

146 3257 184 3296 ex
197 3236 303 3309 radice,
318 3243 457 3308 creseunt,
472 3242 502 3297 et
516 3257 582 3314 ergo
591 3239 669 3298 mala
682 3245 760 3298 sunt.

190 3343 238 3398 86.
268 3341 350 3416 Reap.
382 3338 539 3416 Distinguo
566 3359 668 3399 verum
701 3359 817 3400 sensum
842 3341 943 3400 textus
970 3356 986 3396 e
1014 3337 1105 3397 falso:

147 3441 271 3500 Nullum
292 3445 336 3500 eat
358 3461 449 3518 genus
473 3441 543 3501 mali
567 3441 602 3499 ad
626 3441 704 3518 quod
726 3462 784 3501 non
802 3440 935 3519 impellat
961 3439 1108 3518 cupiditas

146 3543 179 3617 (i.
191 3561 215 3602 e.
239 3541 369 3617 avaritie,
394 3563 474 3603 amor
497 3545 620 3616 nummi,
643 3544 844 3622 φιλαργυριιι),
871 3547 902 3602 et
923 3543 1001 3620 qnod
1016 3563 1056 3602 ex
1074 3562 1108 3602 ee

147 3643 227 3702 nosoi
250 3662 309 3703 non
330 3646 422 3722 possit
444 3645 493 3706 rel
514 3664 573 3704 non
594 3645 702 3706 soleat:
726 3646 882 3708 Concedo:
903 3643 1035 3723 Cupidus
1048 3663 1107 3704 nou
