2424 4300
147 403 206 462 114
508 381 564 446 De
581 380 713 447 Gratas.
929 385 1031 470 [urar.
1049 406 1100 452 iv.
1197 413 1198 470 r

182 555 229 610 30.
250 549 421 608 Psorosrrro
436 548 500 608 111.
523 548 614 608 Homo
628 549 722 626 lapsus
735 569 788 608 ooo
794 553 898 627 potest,
914 551 974 612 sino
985 553 1097 630 qratia,
1197 543 1198 550 ¹

138 670 239 728 procos
253 649 417 710 toatotioooo
431 668 575 724 soporare.

179 854 228 912 31.
249 851 462 910 Ascunsnrun
476 849 502 908 Ι.
525 868 561 908 ex
582 847 752 910 necessitate
775 849 914 911 orationis
931 851 1098 929 petitionis.

140 952 306 1012 Orationem
326 951 401 1008 hanc
423 949 557 1010 omnibus
577 947 685 1008 adultis
705 950 894 1010 necessariam
915 971 977 1012 essa
997 971 1097 1012 neces·

138 1050 224 1110 sitate
238 1054 303 1110 tum
316 1043 405 1110 m'edii
415 1053 479 1110 tum
494 1049 632 1128 praecepti
646 1051 724 1126 apud
737 1069 835 1109 omnes
849 1051 881 1109 in
895 1051 1026 1111 confesso
1041 1055 1096 1112 ast.

136 1150 177 1210 Et
190 1139 246 1210 etsi
260 1151 361 1227 regula
375 1151 472 1209 eadem
493 1153 522 1210 et
535 1151 697 1222 uniformis,
719 1149 777 1208 nisi
790 1150 933 1226 generalis
947 1151 1094 1228 quaedam,

139 1270 191 1327 pro
206 1250 341 1310 omnibus
361 1250 451 1310 statui
472 1270 530 1309 non
550 1252 645 1326 potest
664 1250 699 1308 de
719 1253 848 1328 tempore
862 1269 920 1327 quo
938 1263 1027 1326 urget
1040 1252 1096 1310 hoc

139 1355 316 1428 praeceptum
341 1350 478 1410 orationis
501 1369 552 1428 per
574 1369 613 1422 sa,
640 1369 690 1408 seu
712 1359 746 1409 ut
773 1353 949 1427 praeceptum
972 1350 1096 1410 virtutis

139 1451 286 1528 religionis
303 1476 311 1523 ς
333 1471 432 1510 omnes
455 1453 552 1510 tamen
573 1448 750 1509 conveniunt
769 1450 843 1508 illud
861 1469 973 1525 urgere,
990 1452 1096 1511 saltem

139 1572 190 1629 per
204 1551 336 1612 accidens
357 1555 387 1610 et
407 1551 518 1608 ratione
538 1549 687 1609 charitatis
707 1569 775 1625 erga
789 1549 924 1626 seipsum,
947 1551 1096 1627 imprimis

140 1656 170 1710 et
183 1654 309 1712 maxime
324 1652 438 1729 quando
453 1651 518 1728 quis
539 1653 621 1726 gravi
635 1649 796 1710 tentatione
815 1649 985 1727 impetitur;
1006 1654 1039 1711 et
1052 1650 1096 1710 ita

138 1771 249 1827 urgere,
261 1756 297 1814 ut
310 1750 401 1809 oratio
416 1769 472 1808 non
485 1756 529 1808 est
542 1749 762 1808 intermittenda
771 1768 863 1826 usqua
873 1749 944 1807 dum
957 1750 1093 1820 tentatio,

138 1851 240 1910 saltem
255 1853 398 1927 quatenus
418 1849 524 1925 gravis,
548 1849 741 1926 superabitur.
785 1851 857 1909 Haeo
870 1849 902 1907 in
915 1852 1045 1908 tractatu
1059 1851 1095 1909 de

140 1951 275 2009 Oratione
296 1951 472 2026 probantur:
505 1949 613 2028 quibus
639 1949 750 2026 positis,
781 1949 921 2026 sequitur,
950 1952 1094 2027 tanquam

139 2049 294 2124 conclusio,
310 2049 469 2126 propositio
483 2053 588 2109 nostra.
631 2050 663 2109 Si
677 2049 754 2109 enim
767 2049 844 2109 vires
857 2049 1014 2123 naturales,
1031 2050 1096 2110 sine

138 2151 242 2227 gratia,
266 2150 429 2209 sufficerent
451 2150 487 2208 ad
509 2169 612 2226 graves
632 2149 805 2209 tentationes
826 2149 1014 2226 superandas,
1033 2167 1094 2210 non

136 2252 211 2310 esset
223 2249 391 2322 necessaria,
403 2250 513 2309 nedum
522 2250 591 2309 adso
606 2249 722 2308 omnino
737 2254 767 2308 et
777 2249 907 2309 absolute
920 2249 1092 2324 necessaria,

137 2350 229 2410 oratio
243 2351 279 2409 ad
293 2349 416 2427 gratiam
429 2349 651 2427 impetrandam,
667 2369 725 2427 qua
737 2349 930 2409 vincerentur.

132 2471 134 2475 ’
176 2456 222 2511 32.
243 2450 273 2510 N
275 2470 305 2510 eo
329 2450 445 2508 dicotur
468 2451 569 2508 textus
586 2448 745 2525 Scripturas
766 2451 795 2508 et
809 2449 929 2508 Petrum
950 2448 1094 2509 affirmare

137 2549 340 2610 necessitatem
359 2549 498 2608 orationis
518 2552 548 2608 et
568 2549 669 2624 gratioe
690 2549 726 2608 ad
742 2549 893 2608 victoriam
915 2547 1095 2608 meritoriam

137 2655 189 2711 aut
213 2652 315 2710 saltem
344 2652 510 2710 salutarem.
560 2651 646 2724 Roap.
670 2649 800 2709 Concedo
827 2652 856 2708 et
878 2648 907 2707 S.
937 2647 1092 2725 Spiritum,

138 2754 286 2811 auctorem
311 2749 478 2826 Scripturas,
504 2753 534 2808 et
558 2750 659 2808 Patres
681 2749 756 2808 velle
782 2753 817 2808 ut
840 2767 937 2808 omnes
963 2747 1094 2808 victoriae

137 2852 232 2908 essent
258 2848 397 2907 salutares
425 2853 455 2908 et
482 2849 570 2908 etiarn
598 2848 761 2918 meritorias,
783 2851 813 2908 et
833 2866 909 2924 saepo
935 2866 1094 2908 memorare

136 2947 290 3024 praemium
312 2948 429 3006 coeleste
450 2947 489 3024 iis
511 2948 728 3024 rependendum
748 2947 800 3024 qui
821 2948 930 3006 bonum
947 2950 1094 3006 certamen

138 3049 294 3106 certarunt.
356 3047 413 3104 Sed
446 3047 478 3104 in
511 3047 582 3105 locis
615 3047 749 3106 omnibus
782 3049 847 3106 aut¹
866 3047 925 3106 fere
958 3045 1094 3106 omnibns

1197 2011 1198 2088 l

1197 2159 1198 2234 l

1195 2261 1198 2348 l

137 3145 292 3222 inquibus
316 3145 505 3220 significatur,
530 3144 674 3223 implicite
694 3147 742 3205 vel
765 3145 915 3224 explicite,
939 3144 1094 3208 necessitas
1197 3137 1198 3192 Ῑ

137 3245 276 3306 orationis
303 3245 339 3304 ad
366 3244 541 3304 tentationes
574 3245 738 3320 vincendas,
771 3245 802 3304 id
829 3246 906 3322 quod
932 3245 981 3304 vel
1007 3245 1093 3318 unice

137 3345 184 3403 vel
211 3345 347 3423 primario
371 3345 536 3403 inculcatur
562 3364 622 3403 non
649 3349 693 3405 est
718 3355 777 3404 tam
805 3345 967 3404 consecutio
995 3344 1094 3404 meriti

137 3464 223 3521 quam
255 3446 326 3521 fuga
359 3444 478 3522 peccati.
539 3444 579 3501 Et
612 3464 713 3504 revera
749 3445 789 3516 10,
828 3444 943 3504 infinite
976 3444 1093 3521 majoris
1188 3459 1191 3466 '

136 3545 274 3604 momenti
301 3551 345 3605 est
371 3550 407 3606 ut
434 3544 509 3622 quis,
536 3544 726 3604 tentationem
749 3545 919 3621 superando,
942 3547 1092 3620 peccatum

138 3645 258 3726 effugiat
277 3667 364 3727 quam
385 3655 420 3706 ut
433 3647 647 3708 incrementum
660 3645 758 3708 meriti
771 3645 902 3708 obtineat
910 3667 917 3719 ;
941 3646 983 3721 20,
993 3645 1091 3727 justus
