<?xml version="1.0" encoding="UTF-8"?>
<!DOCTYPE html PUBLIC "-//W3C//DTD XHTML 1.0 Transitional//EN"
    "http://www.w3.org/TR/xhtml1/DTD/xhtml1-transitional.dtd">
<html xmlns="http://www.w3.org/1999/xhtml" xml:lang="en" lang="en">
 <head>
  <title>
</title>
<meta http-equiv="Content-Type" content="text/html;charset=utf-8" />
  <meta name='ocr-system' content='tesseract 3.04.00' />
  <meta name='ocr-capabilities' content='ocr_page ocr_carea ocr_par ocr_line ocrx_word'/>
</head>
<body>
  <div class='ocr_page' id='page_1' title='image "./tractatusdegrat00murrgoog_0032.png"; bbox 0 0 2410 4314; ppageno 0'>
   <div class='ocr_carea' id='block_1_1' title="bbox 78 445 1036 532">
    <p class='ocr_par' dir='ltr' id='par_1_1' title="bbox 78 445 1036 532">
     <span class='ocr_line' id='line_1_1' title="bbox 78 445 1036 532; baseline -0.003 -20"><span class='ocrx_word' id='word_1_1' title='bbox 78 448 244 532; x_wconf 82' lang='lat' dir='ltr'><strong>nrsr.11.]</strong></span> <span class='ocrx_word' id='word_1_2' title='bbox 293 445 698 512; x_wconf 77' lang='lat' dir='ltr'><strong>DeStalz&#39;busHumance</strong></span> <span class='ocrx_word' id='word_1_3' title='bbox 713 445 869 510; x_wconf 74' lang='lat' dir='ltr'><strong>Nature.</strong></span> <span class='ocrx_word' id='word_1_4' title='bbox 1002 463 1036 526; x_wconf 85' lang='lat'><strong>17</strong></span> 
     </span>
    </p>
   </div>
   <div class='ocr_carea' id='block_1_2' title="bbox 83 612 1040 791">
    <p class='ocr_par' dir='ltr' id='par_1_2' title="bbox 83 612 1040 791">
     <span class='ocr_line' id='line_1_2' title="bbox 128 612 1040 692; baseline -0.005 -20"><span class='ocrx_word' id='word_1_5' title='bbox 128 619 156 673; x_wconf 88' lang='lat'><strong>8.</strong></span> <span class='ocrx_word' id='word_1_6' title='bbox 178 615 215 674; x_wconf 92' lang='lat' dir='ltr'><strong>In</strong></span> <span class='ocrx_word' id='word_1_7' title='bbox 234 613 328 690; x_wconf 88' lang='lat' dir='ltr'><strong>rigore</strong></span> <span class='ocrx_word' id='word_1_8' title='bbox 353 614 394 690; x_wconf 83' lang='lat' dir='ltr'><strong>(d.</strong></span> <span class='ocrx_word' id='word_1_9' title='bbox 424 617 449 686; x_wconf 94' lang='lat' dir='ltr'><strong>l,</strong></span> <span class='ocrx_word' id='word_1_10' title='bbox 474 633 502 674; x_wconf 88' lang='lat' dir='ltr'><strong>n.</strong></span> <span class='ocrx_word' id='word_1_11' title='bbox 528 614 577 692; x_wconf 90' lang='grc'><strong>10)</strong></span> <span class='ocrx_word' id='word_1_12' title='bbox 602 617 695 672; x_wconf 90' lang='lat' dir='ltr'><strong>status</strong></span> <span class='ocrx_word' id='word_1_13' title='bbox 716 617 829 673; x_wconf 76' lang='lat' dir='ltr'><strong>naturae</strong></span> <span class='ocrx_word' id='word_1_14' title='bbox 853 612 974 687; x_wconf 82' lang='lat' dir='ltr'><strong>integrae</strong></span> <span class='ocrx_word' id='word_1_15' title='bbox 996 615 1040 668; x_wconf 91' lang='lat' dir='ltr'><strong>est</strong></span> 
     </span>
     <span class='ocr_line' id='line_1_3' title="bbox 83 711 1039 791; baseline -0.004 -20"><span class='ocrx_word' id='word_1_16' title='bbox 83 713 325 790; x_wconf 88' lang='lat' dir='ltr'><strong>supernaturalis.</strong></span> <span class='ocrx_word' id='word_1_17' title='bbox 376 714 432 773; x_wconf 83' lang='lat' dir='ltr'><strong>Sed</strong></span> <span class='ocrx_word' id='word_1_18' title='bbox 456 715 591 791; x_wconf 90' lang='lat' dir='ltr'><strong>quoniam</strong></span> <span class='ocrx_word' id='word_1_19' title='bbox 615 733 671 772; x_wconf 93' lang='lat' dir='ltr'><strong>usu</strong></span> <span class='ocrx_word' id='word_1_20' title='bbox 690 713 772 774; x_wconf 85' lang='lat' dir='ltr'><strong>venit</strong></span> <span class='ocrx_word' id='word_1_21' title='bbox 794 717 829 774; x_wconf 89' lang='lat' dir='ltr'><strong>ut</strong></span> <span class='ocrx_word' id='word_1_22' title='bbox 852 715 991 781; x_wconf 91' lang='lat' dir='ltr'><strong>auctores,</strong></span> <span class='ocrx_word' id='word_1_23' title='bbox 1009 711 1039 767; x_wconf 87' lang='lat' dir='ltr'><strong>in</strong></span> 
     </span>
    </p>
   </div>
   <div class='ocr_carea' id='block_1_3' title="bbox 83 817 1101 3475">
    <p class='ocr_par' dir='ltr' id='par_1_3' title="bbox 83 817 1042 1194">
     <span class='ocr_line' id='line_1_4' title="bbox 83 817 1038 896; baseline -0.002 -21"><span class='ocrx_word' id='word_1_24' title='bbox 83 818 143 876; x_wconf 83' lang='lat' dir='ltr'><strong>lrac</strong></span> <span class='ocrx_word' id='word_1_25' title='bbox 156 817 278 877; x_wconf 89' lang='lat' dir='ltr'><strong>materia</strong></span> <span class='ocrx_word' id='word_1_26' title='bbox 299 817 334 877; x_wconf 79' lang='lat' dir='ltr'><strong>&lt;le</strong></span> <span class='ocrx_word' id='word_1_27' title='bbox 349 818 460 892; x_wconf 78' lang='lat' dir='ltr'><strong>Gratia,</strong></span> <span class='ocrx_word' id='word_1_28' title='bbox 479 839 513 878; x_wconf 88' lang='lat' dir='ltr'><strong>ea</strong></span> <span class='ocrx_word' id='word_1_29' title='bbox 535 821 651 878; x_wconf 88' lang='lat' dir='ltr'><strong>tantum</strong></span> <span class='ocrx_word' id='word_1_30' title='bbox 675 817 906 896; x_wconf 79' lang='lat' dir='ltr'>supernaturalia</span> <span class='ocrx_word' id='word_1_31' title='bbox 925 822 1038 888; x_wconf 80' lang='lat' dir='ltr'><strong>vocent,</strong></span> 
     </span>
     <span class='ocr_line' id='line_1_5' title="bbox 83 915 1042 993; baseline -0.003 -18"><span class='ocrx_word' id='word_1_32' title='bbox 83 935 155 993; x_wconf 78' lang='lat' dir='ltr'><strong>quaa</strong></span> <span class='ocrx_word' id='word_1_33' title='bbox 178 917 351 978; x_wconf 74' lang='lat' dir='ltr'><strong>ordinantur</strong></span> <span class='ocrx_word' id='word_1_34' title='bbox 374 919 411 977; x_wconf 90' lang='lat' dir='ltr'><strong>ad</strong></span> <span class='ocrx_word' id='word_1_35' title='bbox 435 918 527 977; x_wconf 84' lang='lat' dir='ltr'><strong>vitam</strong></span> <span class='ocrx_word' id='word_1_36' title='bbox 559 922 695 977; x_wconf 80' lang='lat' dir='ltr'><strong>aeternam</strong></span> <span class='ocrx_word' id='word_1_37' title='bbox 719 917 750 977; x_wconf 93' lang='lat' dir='ltr'><strong>in</strong></span> <span class='ocrx_word' id='word_1_38' title='bbox 774 918 884 978; x_wconf 84' lang='lat' dir='ltr'>visione</span> <span class='ocrx_word' id='word_1_39' title='bbox 908 915 1042 979; x_wconf 86' lang='lat' dir='ltr'><strong>beatifica</strong></span> 
     </span>
     <span class='ocr_line' id='line_1_6' title="bbox 83 1013 1039 1094; baseline -0.001 -21"><span class='ocrx_word' id='word_1_40' title='bbox 83 1017 259 1090; x_wconf 88' lang='lat' dir='ltr'><strong>habendam,</strong></span> <span class='ocrx_word' id='word_1_41' title='bbox 285 1017 390 1076; x_wconf 89' lang='lat' dir='ltr'><strong>idcireo</strong></span> <span class='ocrx_word' id='word_1_42' title='bbox 414 1017 517 1076; x_wconf 87' lang='lat' dir='ltr'><strong>melius</strong></span> <span class='ocrx_word' id='word_1_43' title='bbox 545 1021 665 1078; x_wconf 89' lang='lat' dir='ltr'><strong>vocatur</strong></span> <span class='ocrx_word' id='word_1_44' title='bbox 694 1015 865 1094; x_wconf 88' lang='lat' dir='ltr'><strong>simpliciter</strong></span> <span class='ocrx_word' id='word_1_45' title='bbox 887 1013 1039 1078; x_wconf 88' lang='lat' dir='ltr'><strong>naturalis.</strong></span> 
     </span>
     <span class='ocr_line' id='line_1_7' title="bbox 84 1116 798 1194; baseline 0.003 -20"><span class='ocrx_word' id='word_1_46' title='bbox 84 1116 212 1188; x_wconf 79' lang='lat' dir='ltr'><strong>Sanane,</strong></span> <span class='ocrx_word' id='word_1_47' title='bbox 224 1117 259 1175; x_wconf 91' lang='lat' dir='ltr'><strong>de</strong></span> <span class='ocrx_word' id='word_1_48' title='bbox 270 1117 362 1194; x_wconf 84' lang='lat' dir='ltr'>Opere</span> <span class='ocrx_word' id='word_1_49' title='bbox 377 1136 428 1176; x_wconf 86' lang='lat' dir='ltr'><strong>sex</strong></span> <span class='ocrx_word' id='word_1_50' title='bbox 442 1117 512 1176; x_wconf 88' lang='lat' dir='ltr'><strong>dier.</strong></span> <span class='ocrx_word' id='word_1_51' title='bbox 529 1118 549 1176; x_wconf 94' lang='lat' dir='ltr'><strong>l.</strong></span> <span class='ocrx_word' id='word_1_52' title='bbox 566 1121 592 1186; x_wconf 87' lang='grc'><strong>3,</strong></span> <span class='ocrx_word' id='word_1_53' title='bbox 608 1137 633 1177; x_wconf 90' lang='lat' dir='ltr'><strong>c.</strong></span> <span class='ocrx_word' id='word_1_54' title='bbox 652 1121 697 1188; x_wconf 90' lang='grc'><strong>17,</strong></span> <span class='ocrx_word' id='word_1_55' title='bbox 714 1138 743 1177; x_wconf 89' lang='lat' dir='ltr'><strong>n.</strong></span> <span class='ocrx_word' id='word_1_56' title='bbox 763 1121 798 1178; x_wconf 86' lang='lat'><strong>1.¹</strong></span> 
     </span>
    </p>

    <p class='ocr_par' dir='ltr' id='par_1_4' title="bbox 83 1215 1042 1898">
     <span class='ocr_line' id='line_1_8' title="bbox 129 1215 1042 1292; baseline 0.002 -20"><span class='ocrx_word' id='word_1_57' title='bbox 129 1220 159 1275; x_wconf 91' lang='grc'><strong>9.</strong></span> <span class='ocrx_word' id='word_1_58' title='bbox 182 1215 264 1281; x_wconf 82' lang='lat' dir='ltr'><strong>Quod</strong></span> <span class='ocrx_word' id='word_1_59' title='bbox 279 1215 387 1276; x_wconf 79' lang='lat' dir='ltr'><strong>attinet</strong></span> <span class='ocrx_word' id='word_1_60' title='bbox 400 1216 436 1274; x_wconf 91' lang='lat' dir='ltr'><strong>ad</strong></span> <span class='ocrx_word' id='word_1_61' title='bbox 450 1221 557 1276; x_wconf 88' lang='lat' dir='ltr'><strong>statum</strong></span> <span class='ocrx_word' id='word_1_62' title='bbox 572 1217 829 1292; x_wconf 82' lang='lat' dir='ltr'><strong>supernaturalem,</strong></span> <span class='ocrx_word' id='word_1_63' title='bbox 840 1221 876 1277; x_wconf 88' lang='lat' dir='ltr'><strong>ut</strong></span> <span class='ocrx_word' id='word_1_64' title='bbox 886 1215 1042 1275; x_wconf 80' lang='lat' dir='ltr'><strong>divisiones</strong></span> 
     </span>
     <span class='ocr_line' id='line_1_9' title="bbox 83 1314 1040 1392; baseline 0.001 -19"><span class='ocrx_word' id='word_1_65' title='bbox 83 1314 212 1374; x_wconf 88' lang='lat' dir='ltr'><strong>inutiles</strong></span> <span class='ocrx_word' id='word_1_66' title='bbox 232 1315 324 1392; x_wconf 90' lang='lat' dir='ltr'><strong>(quod</strong></span> <span class='ocrx_word' id='word_1_67' title='bbox 346 1314 429 1375; x_wconf 89' lang='lat' dir='ltr'><strong>nobis</strong></span> <span class='ocrx_word' id='word_1_68' title='bbox 452 1315 594 1377; x_wconf 90' lang='lat' dir='ltr'><strong>videtur:</strong></span> <span class='ocrx_word' id='word_1_69' title='bbox 616 1316 673 1374; x_wconf 84' lang='lat' dir='ltr'><strong>rid.</strong></span> <span class='ocrx_word' id='word_1_70' title='bbox 694 1317 844 1390; x_wconf 79' lang='lat' dir='ltr'><strong>Psanoun,</strong></span> <span class='ocrx_word' id='word_1_71' title='bbox 860 1316 881 1375; x_wconf 92' lang='grc'><strong>1.</strong></span> <span class='ocrx_word' id='word_1_72' title='bbox 896 1315 937 1390; x_wconf 90' lang='lat' dir='ltr'><strong>c.)</strong></span> <span class='ocrx_word' id='word_1_73' title='bbox 951 1315 1040 1376; x_wconf 91' lang='lat' dir='ltr'><strong>evite-</strong></span> 
     </span>
     <span class='ocr_line' id='line_1_10' title="bbox 85 1415 1042 1494; baseline 0.001 -22"><span class='ocrx_word' id='word_1_74' title='bbox 85 1434 165 1487; x_wconf 91' lang='lat' dir='ltr'><strong>mus,</strong></span> <span class='ocrx_word' id='word_1_75' title='bbox 181 1416 270 1474; x_wconf 85' lang='lat' dir='ltr'><strong>verba</strong></span> <span class='ocrx_word' id='word_1_76' title='bbox 294 1416 330 1474; x_wconf 93' lang='lat' dir='ltr'><strong>de</strong></span> <span class='ocrx_word' id='word_1_77' title='bbox 349 1436 381 1475; x_wconf 94' lang='lat' dir='ltr'><strong>eo</strong></span> <span class='ocrx_word' id='word_1_78' title='bbox 399 1419 516 1477; x_wconf 88' lang='lat' dir='ltr'><strong>tantum</strong></span> <span class='ocrx_word' id='word_1_79' title='bbox 540 1419 620 1476; x_wconf 90' lang='lat' dir='ltr'><strong>statu</strong></span> <span class='ocrx_word' id='word_1_80' title='bbox 638 1416 786 1489; x_wconf 83' lang='lat' dir='ltr'><strong>faciemus,</strong></span> <span class='ocrx_word' id='word_1_81' title='bbox 809 1415 841 1475; x_wconf 92' lang='lat' dir='ltr'><strong>in</strong></span> <span class='ocrx_word' id='word_1_82' title='bbox 857 1435 915 1494; x_wconf 91' lang='lat' dir='ltr'><strong>quo</strong></span> <span class='ocrx_word' id='word_1_83' title='bbox 930 1415 1042 1494; x_wconf 91' lang='lat' dir='ltr'><strong>positus</strong></span> 
     </span>
     <span class='ocr_line' id='line_1_11' title="bbox 84 1515 1041 1594; baseline 0.001 -22"><span class='ocrx_word' id='word_1_84' title='bbox 84 1517 133 1573; x_wconf 89' lang='lat' dir='ltr'><strong>est</strong></span> <span class='ocrx_word' id='word_1_85' title='bbox 161 1515 255 1574; x_wconf 78' lang='lat' dir='ltr'><strong>Adam</strong></span> <span class='ocrx_word' id='word_1_86' title='bbox 280 1518 435 1592; x_wconf 87' lang='lat' dir='ltr'><strong>antequam</strong></span> <span class='ocrx_word' id='word_1_87' title='bbox 459 1516 600 1593; x_wconf 84' lang='lat' dir='ltr'><strong>peccavit.</strong></span> <span class='ocrx_word' id='word_1_88' title='bbox 641 1518 677 1574; x_wconf 90' lang='lat' dir='ltr'><strong>In</strong></span> <span class='ocrx_word' id='word_1_89' title='bbox 699 1537 732 1575; x_wconf 93' lang='lat' dir='ltr'><strong>eo</strong></span> <span class='ocrx_word' id='word_1_90' title='bbox 756 1521 844 1590; x_wconf 89' lang='lat' dir='ltr'><strong>statu,</strong></span> <span class='ocrx_word' id='word_1_91' title='bbox 872 1516 923 1594; x_wconf 92' lang='lat' dir='ltr'><strong>qui</strong></span> <span class='ocrx_word' id='word_1_92' title='bbox 946 1521 1041 1576; x_wconf 82' lang='lat' dir='ltr'><strong>status</strong></span> 
     </span>
     <span class='ocr_line' id='line_1_12' title="bbox 85 1613 1041 1694; baseline 0.004 -24"><span class='ocrx_word' id='word_1_93' title='bbox 85 1613 253 1674; x_wconf 74' lang='lat' dir='ltr'><strong>innocentia</strong></span> <span class='ocrx_word' id='word_1_94' title='bbox 271 1620 323 1676; x_wconf 90' lang='lat' dir='ltr'><strong>aut</strong></span> <span class='ocrx_word' id='word_1_95' title='bbox 340 1615 464 1691; x_wconf 73' lang='lat' dir='ltr'><strong>justitia</strong></span> <span class='ocrx_word' id='word_1_96' title='bbox 478 1616 625 1694; x_wconf 76' lang='lat' dir='ltr'><strong>ora&#39;gr&#39;nala&#39;s</strong></span> <span class='ocrx_word' id='word_1_97' title='bbox 640 1620 836 1693; x_wconf 87' lang='lat' dir='ltr'><strong>nuncupatur,</strong></span> <span class='ocrx_word' id='word_1_98' title='bbox 849 1621 953 1692; x_wconf 87' lang='lat' dir='ltr'><strong>praeter</strong></span> <span class='ocrx_word' id='word_1_99' title='bbox 968 1617 1041 1674; x_wconf 88' lang='lat' dir='ltr'><strong>dona</strong></span> 
     </span>
     <span class='ocr_line' id='line_1_13' title="bbox 85 1716 1037 1798; baseline 0.004 -24"><span class='ocrx_word' id='word_1_100' title='bbox 85 1716 268 1794; x_wconf 84' lang='lat' dir='ltr'><strong>integritatis</strong></span> <span class='ocrx_word' id='word_1_101' title='bbox 276 1720 340 1798; x_wconf 85' lang='lat' dir='ltr'><strong>jam</strong></span> <span class='ocrx_word' id='word_1_102' title='bbox 349 1723 515 1794; x_wconf 89' lang='lat' dir='ltr'><strong>memorata,</strong></span> <span class='ocrx_word' id='word_1_103' title='bbox 531 1721 616 1779; x_wconf 91' lang='lat' dir='ltr'><strong>homo</strong></span> <span class='ocrx_word' id='word_1_104' title='bbox 630 1719 726 1797; x_wconf 88' lang='lat' dir='ltr'><strong>gratia</strong></span> <span class='ocrx_word' id='word_1_105' title='bbox 740 1720 937 1781; x_wconf 87' lang='lat' dir='ltr'><strong>sanctificante</strong></span> <span class='ocrx_word' id='word_1_106' title='bbox 952 1740 1037 1797; x_wconf 86' lang='lat' dir='ltr'><strong>auge·</strong></span> 
     </span>
     <span class='ocr_line' id='line_1_14' title="bbox 84 1819 792 1898; baseline 0.006 -20"><span class='ocrx_word' id='word_1_107' title='bbox 84 1822 149 1890; x_wconf 86' lang='lat' dir='ltr'><strong>tur,</strong></span> <span class='ocrx_word' id='word_1_108' title='bbox 165 1823 196 1878; x_wconf 90' lang='lat' dir='ltr'><strong>ct</strong></span> <span class='ocrx_word' id='word_1_109' title='bbox 209 1820 244 1878; x_wconf 90' lang='lat' dir='ltr'><strong>ad</strong></span> <span class='ocrx_word' id='word_1_110' title='bbox 257 1820 345 1880; x_wconf 89' lang='lat' dir='ltr'><strong>finem</strong></span> <span class='ocrx_word' id='word_1_111' title='bbox 360 1820 610 1898; x_wconf 77' lang='lat' dir='ltr'><strong>supernaturalem</strong></span> <span class='ocrx_word' id='word_1_112' title='bbox 622 1819 792 1882; x_wconf 90' lang='lat' dir='ltr'><strong>destinatur.</strong></span> 
     </span>
    </p>

    <p class='ocr_par' dir='ltr' id='par_1_5' title="bbox 87 1918 1041 2495">
     <span class='ocr_line' id='line_1_15' title="bbox 134 1918 1040 1998; baseline 0.002 -22"><span class='ocrx_word' id='word_1_113' title='bbox 134 1921 177 1978; x_wconf 87' lang='lat'><strong>10.</strong></span> <span class='ocrx_word' id='word_1_114' title='bbox 200 1919 299 1980; x_wconf 86' lang='lat' dir='ltr'><strong>Status</strong></span> <span class='ocrx_word' id='word_1_115' title='bbox 312 1923 423 1980; x_wconf 90' lang='lat' dir='ltr'><strong>naturae</strong></span> <span class='ocrx_word' id='word_1_116' title='bbox 438 1922 520 1998; x_wconf 77' lang='lat' dir='ltr'><strong>lapse</strong></span> <span class='ocrx_word' id='word_1_117' title='bbox 534 1921 558 1979; x_wconf 91' lang='lat' dir='ltr'><strong>is</strong></span> <span class='ocrx_word' id='word_1_118' title='bbox 573 1920 654 1980; x_wconf 90' lang='lat' dir='ltr'><strong>estin</strong></span> <span class='ocrx_word' id='word_1_119' title='bbox 669 1939 726 1998; x_wconf 91' lang='lat' dir='ltr'><strong>quo</strong></span> <span class='ocrx_word' id='word_1_120' title='bbox 736 1921 822 1979; x_wconf 92' lang='lat' dir='ltr'><strong>homo</strong></span> <span class='ocrx_word' id='word_1_121' title='bbox 832 1918 951 1998; x_wconf 89' lang='lat' dir='ltr'><strong>ponitur</strong></span> <span class='ocrx_word' id='word_1_122' title='bbox 964 1919 1040 1979; x_wconf 87' lang='lat' dir='ltr'><strong>exci-</strong></span> 
     </span>
     <span class='ocr_line' id='line_1_16' title="bbox 87 2017 1040 2098; baseline 0.003 -24"><span class='ocrx_word' id='word_1_123' title='bbox 87 2017 184 2077; x_wconf 89' lang='lat' dir='ltr'><strong>dendo</strong></span> <span class='ocrx_word' id='word_1_124' title='bbox 208 2025 324 2079; x_wconf 81' lang='lat' dir='ltr'><strong>ostatu</strong></span> <span class='ocrx_word' id='word_1_125' title='bbox 348 2021 531 2081; x_wconf 88' lang='lat' dir='ltr'><strong>innocentiae.</strong></span> <span class='ocrx_word' id='word_1_126' title='bbox 573 2020 735 2098; x_wconf 90' lang='lat' dir='ltr'><strong>Loquimur</strong></span> <span class='ocrx_word' id='word_1_127' title='bbox 756 2020 792 2080; x_wconf 92' lang='lat' dir='ltr'><strong>de</strong></span> <span class='ocrx_word' id='word_1_128' title='bbox 813 2025 892 2080; x_wconf 90' lang='lat' dir='ltr'><strong>statu</strong></span> <span class='ocrx_word' id='word_1_129' title='bbox 916 2019 1040 2093; x_wconf 74' lang='lat' dir='ltr'><strong>actuali,</strong></span> 
     </span>
     <span class='ocr_line' id='line_1_17' title="bbox 87 2117 1041 2198; baseline 0.002 -23"><span class='ocrx_word' id='word_1_130' title='bbox 87 2123 166 2176; x_wconf 86' lang='lat' dir='ltr'><strong>esset</strong></span> <span class='ocrx_word' id='word_1_131' title='bbox 180 2117 257 2178; x_wconf 91' lang='lat' dir='ltr'><strong>enim</strong></span> <span class='ocrx_word' id='word_1_132' title='bbox 277 2127 381 2179; x_wconf 90' lang='lat' dir='ltr'><strong>natura</strong></span> <span class='ocrx_word' id='word_1_133' title='bbox 403 2119 493 2197; x_wconf 89' lang='lat' dir='ltr'><strong>lapsa,</strong></span> <span class='ocrx_word' id='word_1_134' title='bbox 510 2138 574 2198; x_wconf 83' lang='lat' dir='ltr'><strong>quae</strong></span> <span class='ocrx_word' id='word_1_135' title='bbox 597 2121 744 2180; x_wconf 79' lang='lat' dir='ltr'><strong>excideret</strong></span> <span class='ocrx_word' id='word_1_136' title='bbox 758 2121 793 2180; x_wconf 90' lang='lat' dir='ltr'><strong>ab</strong></span> <span class='ocrx_word' id='word_1_137' title='bbox 806 2121 868 2180; x_wconf 91' lang='lat' dir='ltr'><strong>ullo</strong></span> <span class='ocrx_word' id='word_1_138' title='bbox 882 2117 939 2178; x_wconf 88' lang='lat' dir='ltr'><strong>alio</strong></span> <span class='ocrx_word' id='word_1_139' title='bbox 954 2125 1041 2188; x_wconf 84' lang='lat' dir='ltr'><strong>statu,</strong></span> 
     </span>
     <span class='ocr_line' id='line_1_18' title="bbox 87 2217 1040 2296; baseline 0.004 -24"><span class='ocrx_word' id='word_1_140' title='bbox 87 2236 117 2275; x_wconf 80' lang='lat' dir='ltr'><strong>v.</strong></span> <span class='ocrx_word' id='word_1_141' title='bbox 132 2240 160 2294; x_wconf 84' lang='lat' dir='ltr'><strong>g.</strong></span> <span class='ocrx_word' id='word_1_142' title='bbox 187 2217 374 2294; x_wconf 85' lang='lat' dir='ltr'><strong>integritatis.</strong></span> <span class='ocrx_word' id='word_1_143' title='bbox 417 2221 517 2280; x_wconf 84' lang='lat' dir='ltr'><strong>Status</strong></span> <span class='ocrx_word' id='word_1_144' title='bbox 538 2219 586 2278; x_wconf 88' lang='lat' dir='ltr'><strong>hic</strong></span> <span class='ocrx_word' id='word_1_145' title='bbox 610 2226 654 2280; x_wconf 88' lang='lat' dir='ltr'><strong>est</strong></span> <span class='ocrx_word' id='word_1_146' title='bbox 672 2221 718 2280; x_wconf 88' lang='lat' dir='ltr'><strong>vel</strong></span> <span class='ocrx_word' id='word_1_147' title='bbox 733 2223 847 2279; x_wconf 78' lang='lat' dir='ltr'><strong>natura</strong></span> <span class='ocrx_word' id='word_1_148' title='bbox 861 2219 947 2296; x_wconf 78' lang='lat' dir='ltr'><strong>lapsa</strong></span> <span class='ocrx_word' id='word_1_149' title='bbox 961 2238 1040 2295; x_wconf 85' lang='lat' dir='ltr'><strong>repc-</strong></span> 
     </span>
     <span class='ocr_line' id='line_1_19' title="bbox 87 2317 1039 2396; baseline 0.003 -24"><span class='ocrx_word' id='word_1_150' title='bbox 87 2325 165 2386; x_wconf 81' lang='lat' dir='ltr'><strong>rata,</strong></span> <span class='ocrx_word' id='word_1_151' title='bbox 181 2317 276 2391; x_wconf 86' lang='lat' dir='ltr'><strong>qualis</strong></span> <span class='ocrx_word' id='word_1_152' title='bbox 290 2327 335 2376; x_wconf 89' lang='lat' dir='ltr'><strong>est</strong></span> <span class='ocrx_word' id='word_1_153' title='bbox 348 2317 398 2378; x_wconf 89' lang='lat' dir='ltr'><strong>ille</strong></span> <span class='ocrx_word' id='word_1_154' title='bbox 421 2318 453 2376; x_wconf 92' lang='lat' dir='ltr'><strong>in</strong></span> <span class='ocrx_word' id='word_1_155' title='bbox 476 2337 533 2396; x_wconf 90' lang='lat' dir='ltr'><strong>quo</strong></span> <span class='ocrx_word' id='word_1_156' title='bbox 547 2337 607 2391; x_wconf 90' lang='lat' dir='ltr'><strong>nos,</strong></span> <span class='ocrx_word' id='word_1_157' title='bbox 625 2318 780 2378; x_wconf 91' lang='lat' dir='ltr'><strong>miserente</strong></span> <span class='ocrx_word' id='word_1_158' title='bbox 794 2318 866 2391; x_wconf 90' lang='lat' dir='ltr'><strong>Deo,</strong></span> <span class='ocrx_word' id='word_1_159' title='bbox 881 2337 1039 2390; x_wconf 87' lang='lat' dir='ltr'><strong>versamur,</strong></span> 
     </span>
     <span class='ocr_line' id='line_1_20' title="bbox 88 2415 644 2495; baseline 0.007 -23"><span class='ocrx_word' id='word_1_160' title='bbox 88 2415 139 2473; x_wconf 87' lang='lat' dir='ltr'><strong>vel</strong></span> <span class='ocrx_word' id='word_1_161' title='bbox 149 2419 194 2474; x_wconf 88' lang='lat' dir='ltr'><strong>est</strong></span> <span class='ocrx_word' id='word_1_162' title='bbox 206 2419 317 2476; x_wconf 79' lang='lat' dir='ltr'><strong>naturae</strong></span> <span class='ocrx_word' id='word_1_163' title='bbox 330 2418 419 2495; x_wconf 83' lang='lat' dir='ltr'><strong>lapsae</strong></span> <span class='ocrx_word' id='word_1_164' title='bbox 433 2439 487 2477; x_wconf 82' lang='lat' dir='ltr'><strong>aon</strong></span> <span class='ocrx_word' id='word_1_165' title='bbox 497 2423 644 2494; x_wconf 70' lang='lat' dir='ltr'><strong>reparatae.</strong></span> 
     </span>
    </p>

    <p class='ocr_par' dir='ltr' id='par_1_6' title="bbox 89 2515 1101 3475">
     <span class='ocr_line' id='line_1_21' title="bbox 131 2515 1039 2595; baseline 0.003 -24"><span class='ocrx_word' id='word_1_166' title='bbox 131 2515 198 2575; x_wconf 71' lang='lat'>⁹⁶11.</span> <span class='ocrx_word' id='word_1_167' title='bbox 221 2516 282 2574; x_wconf 84' lang='lat' dir='ltr'><strong>Alii</strong></span> <span class='ocrx_word' id='word_1_168' title='bbox 301 2517 426 2594; x_wconf 83' lang='lat' dir='ltr'><strong>theologi</strong></span> <span class='ocrx_word' id='word_1_169' title='bbox 442 2518 490 2595; x_wconf 87' lang='lat' dir='ltr'><strong>(ut</strong></span> <span class='ocrx_word' id='word_1_170' title='bbox 503 2519 651 2590; x_wconf 81' lang='lat' dir='ltr'><strong>Heruncx,</strong></span> <span class='ocrx_word' id='word_1_171' title='bbox 666 2518 701 2576; x_wconf 89' lang='lat' dir='ltr'><strong>de</strong></span> <span class='ocrx_word' id='word_1_172' title='bbox 716 2519 776 2576; x_wconf 85' lang='lat' dir='ltr'><strong>Deo</strong></span> <span class='ocrx_word' id='word_1_173' title='bbox 802 2518 942 2590; x_wconf 79' lang='lat' dir='ltr'><strong>Creatore,</strong></span> <span class='ocrx_word' id='word_1_174' title='bbox 967 2517 993 2575; x_wconf 90' lang='lat' dir='ltr'><strong>d.</strong></span> <span class='ocrx_word' id='word_1_175' title='bbox 1013 2523 1039 2586; x_wconf 86' lang='grc'><strong>6,</strong></span> 
     </span>
     <span class='ocr_line' id='line_1_22' title="bbox 89 2615 1041 2696; baseline 0.004 -25"><span class='ocrx_word' id='word_1_176' title='bbox 89 2615 301 2686; x_wconf 70' lang='lat' dir='ltr'><strong>n.7a;v1vs,</strong></span> <span class='ocrx_word' id='word_1_177' title='bbox 328 2617 354 2674; x_wconf 93' lang='lat' dir='ltr'><strong>d.</strong></span> <span class='ocrx_word' id='word_1_178' title='bbox 381 2623 408 2690; x_wconf 84' lang='lat'><strong>5,</strong></span> <span class='ocrx_word' id='word_1_179' title='bbox 435 2637 463 2696; x_wconf 90' lang='lat' dir='ltr'><strong>q.</strong></span> <span class='ocrx_word' id='word_1_180' title='bbox 492 2622 516 2689; x_wconf 96' lang='lat' dir='ltr'><strong>l,</strong></span> <span class='ocrx_word' id='word_1_181' title='bbox 536 2639 561 2675; x_wconf 84' lang='lat' dir='ltr'><strong>a.</strong></span> <span class='ocrx_word' id='word_1_182' title='bbox 586 2619 624 2695; x_wconf 89' lang='lat'><strong>1.)</strong></span> <span class='ocrx_word' id='word_1_183' title='bbox 645 2616 793 2694; x_wconf 85' lang='lat' dir='ltr'><strong>justitiam</strong></span> <span class='ocrx_word' id='word_1_184' title='bbox 812 2615 983 2692; x_wconf 86' lang='lat' dir='ltr'><strong>originalem</strong></span> <span class='ocrx_word' id='word_1_185' title='bbox 1006 2623 1041 2675; x_wconf 87' lang='lat' dir='ltr'><strong>ut</strong></span> 
     </span>
     <span class='ocr_line' id='line_1_23' title="bbox 90 2713 1041 2794; baseline 0.004 -24"><span class='ocrx_word' id='word_1_186' title='bbox 90 2713 162 2789; x_wconf 92' lang='lat' dir='ltr'><strong>quid</strong></span> <span class='ocrx_word' id='word_1_187' title='bbox 186 2714 357 2775; x_wconf 90' lang='lat' dir='ltr'><strong>distinctum</strong></span> <span class='ocrx_word' id='word_1_188' title='bbox 381 2737 398 2776; x_wconf 85' lang='lat' dir='ltr'><strong>a</strong></span> <span class='ocrx_word' id='word_1_189' title='bbox 420 2718 515 2794; x_wconf 85' lang='lat' dir='ltr'><strong>gratia</strong></span> <span class='ocrx_word' id='word_1_190' title='bbox 528 2717 672 2776; x_wconf 87' lang='lat' dir='ltr'><strong>habituali</strong></span> <span class='ocrx_word' id='word_1_191' title='bbox 691 2716 801 2777; x_wconf 90' lang='lat' dir='ltr'><strong>habent</strong></span> <span class='ocrx_word' id='word_1_192' title='bbox 815 2719 845 2775; x_wconf 88' lang='lat' dir='ltr'><strong>et</strong></span> <span class='ocrx_word' id='word_1_193' title='bbox 861 2722 896 2774; x_wconf 92' lang='lat' dir='ltr'><strong>ut</strong></span> <span class='ocrx_word' id='word_1_194' title='bbox 908 2715 1041 2774; x_wconf 84' lang='lat' dir='ltr'><strong>habitum</strong></span> 
     </span>
     <span class='ocr_line' id='line_1_24' title="bbox 90 2811 1041 2897; baseline 0.002 -26"><span class='ocrx_word' id='word_1_195' title='bbox 90 2811 242 2892; x_wconf 72' lang='lat' dir='ltr'><strong>specialem</strong></span> <span class='ocrx_word' id='word_1_196' title='bbox 260 2838 268 2886; x_wconf 87' lang='lat'>;</span> <span class='ocrx_word' id='word_1_197' title='bbox 289 2817 340 2874; x_wconf 90' lang='lat' dir='ltr'><strong>alii</strong></span> <span class='ocrx_word' id='word_1_198' title='bbox 355 2837 421 2877; x_wconf 84' lang='lat' dir='ltr'><strong>vero</strong></span> <span class='ocrx_word' id='word_1_199' title='bbox 443 2819 491 2897; x_wconf 88' lang='lat' dir='ltr'><strong>(ut</strong></span> <span class='ocrx_word' id='word_1_200' title='bbox 512 2819 634 2890; x_wconf 76' lang='lat' dir='ltr'><strong>Suram,</strong></span> <span class='ocrx_word' id='word_1_201' title='bbox 649 2817 670 2876; x_wconf 96' lang='lat' dir='ltr'><strong>l.</strong></span> <span class='ocrx_word' id='word_1_202' title='bbox 687 2835 711 2876; x_wconf 92' lang='lat' dir='ltr'><strong>c.</strong></span> <span class='ocrx_word' id='word_1_203' title='bbox 728 2835 751 2875; x_wconf 93' lang='lat' dir='ltr'><strong>c.</strong></span> <span class='ocrx_word' id='word_1_204' title='bbox 769 2815 820 2890; x_wconf 79' lang='lat'><strong>20)</strong></span> <span class='ocrx_word' id='word_1_205' title='bbox 833 2835 886 2894; x_wconf 91' lang='lat' dir='ltr'><strong>per</strong></span> <span class='ocrx_word' id='word_1_206' title='bbox 895 2813 1041 2892; x_wconf 83' lang='lat' dir='ltr'><strong>justitiam</strong></span> 
     </span>
     <span class='ocr_line' id='line_1_25' title="bbox 91 2911 1041 2993; baseline 0.003 -23"><span class='ocrx_word' id='word_1_207' title='bbox 91 2911 261 2988; x_wconf 86' lang='lat' dir='ltr'><strong>originalem</strong></span> <span class='ocrx_word' id='word_1_208' title='bbox 275 2915 441 2992; x_wconf 88' lang='lat' dir='ltr'><strong>significant</strong></span> <span class='ocrx_word' id='word_1_209' title='bbox 461 2917 657 2978; x_wconf 83' lang='lat' dir='ltr'><strong>collectionem</strong></span> <span class='ocrx_word' id='word_1_210' title='bbox 681 2915 810 2976; x_wconf 90' lang='lat' dir='ltr'><strong>omnium</strong></span> <span class='ocrx_word' id='word_1_211' title='bbox 831 2915 1041 2993; x_wconf 82' lang='lat' dir='ltr'><strong>perfectionum</strong></span> 
     </span>
     <span class='ocr_line' id='line_1_26' title="bbox 92 3012 1038 3094; baseline 0.005 -25"><span class='ocrx_word' id='word_1_212' title='bbox 92 3015 122 3070; x_wconf 90' lang='lat' dir='ltr'><strong>ct</strong></span> <span class='ocrx_word' id='word_1_213' title='bbox 135 3012 284 3088; x_wconf 89' lang='lat' dir='ltr'><strong>donorum,</strong></span> <span class='ocrx_word' id='word_1_214' title='bbox 295 3021 361 3075; x_wconf 90' lang='lat' dir='ltr'><strong>tum</strong></span> <span class='ocrx_word' id='word_1_215' title='bbox 383 3016 648 3094; x_wconf 87' lang='lat' dir='ltr'><strong>supernaturalium</strong></span> <span class='ocrx_word' id='word_1_216' title='bbox 669 3020 732 3077; x_wconf 91' lang='lat' dir='ltr'><strong>tum</strong></span> <span class='ocrx_word' id='word_1_217' title='bbox 746 3035 799 3094; x_wconf 90' lang='lat' dir='ltr'><strong>per</strong></span> <span class='ocrx_word' id='word_1_218' title='bbox 812 3035 842 3076; x_wconf 91' lang='lat' dir='ltr'><strong>se</strong></span> <span class='ocrx_word' id='word_1_219' title='bbox 852 3014 1038 3089; x_wconf 87' lang='lat' dir='ltr'><strong>naturalium,</strong></span> 
     </span>
     <span class='ocr_line' id='line_1_27' title="bbox 92 3110 1039 3190; baseline 0.004 -21"><span class='ocrx_word' id='word_1_220' title='bbox 92 3110 198 3187; x_wconf 88' lang='lat' dir='ltr'><strong>&#39;quibus</strong></span> <span class='ocrx_word' id='word_1_221' title='bbox 212 3118 314 3174; x_wconf 88' lang='lat' dir='ltr'><strong>auctus</strong></span> <span class='ocrx_word' id='word_1_222' title='bbox 334 3120 378 3175; x_wconf 91' lang='lat' dir='ltr'><strong>est</strong></span> <span class='ocrx_word' id='word_1_223' title='bbox 398 3117 501 3175; x_wconf 78' lang='lat' dir='ltr'><strong>Adam.</strong></span> <span class='ocrx_word' id='word_1_224' title='bbox 545 3118 611 3190; x_wconf 90' lang='lat' dir='ltr'><strong>Sed,</strong></span> <span class='ocrx_word' id='word_1_225' title='bbox 627 3119 662 3177; x_wconf 91' lang='lat' dir='ltr'><strong>ut</strong></span> <span class='ocrx_word' id='word_1_226' title='bbox 685 3120 768 3176; x_wconf 88' lang='lat' dir='ltr'><strong>notat</strong></span> <span class='ocrx_word' id='word_1_227' title='bbox 789 3115 866 3175; x_wconf 92' lang='lat' dir='ltr'><strong>idem</strong></span> <span class='ocrx_word' id='word_1_228' title='bbox 887 3115 1039 3186; x_wconf 84' lang='lat' dir='ltr'><strong>Hnarnox,</strong></span> 
     </span>
     <span class='ocr_line' id='line_1_28' title="bbox 94 3209 1042 3296; baseline 0.005 -28"><span class='ocrx_word' id='word_1_229' title='bbox 94 3209 175 3284; x_wconf 84' lang='lat' dir='ltr'><strong>ibid,</strong></span> <span class='ocrx_word' id='word_1_230' title='bbox 198 3218 228 3272; x_wconf 91' lang='lat' dir='ltr'><strong>et</strong></span> <span class='ocrx_word' id='word_1_231' title='bbox 250 3212 382 3275; x_wconf 88' lang='lat' dir='ltr'><strong>insinuat</strong></span> <span class='ocrx_word' id='word_1_232' title='bbox 405 3215 563 3288; x_wconf 81' lang='lat' dir='ltr'><strong>Brnnusnr,</strong></span> <span class='ocrx_word' id='word_1_233' title='bbox 580 3217 607 3277; x_wconf 90' lang='lat' dir='ltr'><strong>d.</strong></span> <span class='ocrx_word' id='word_1_234' title='bbox 625 3221 651 3289; x_wconf 85' lang='lat'><strong>2,</strong></span> <span class='ocrx_word' id='word_1_235' title='bbox 669 3237 694 3274; x_wconf 89' lang='lat' dir='ltr'><strong>a.</strong></span> <span class='ocrx_word' id='word_1_236' title='bbox 714 3221 738 3289; x_wconf 90' lang='lat' dir='ltr'><strong>l,</strong></span> <span class='ocrx_word' id='word_1_237' title='bbox 755 3214 771 3296; x_wconf 70' lang='lat'><strong>5</strong></span> <span class='ocrx_word' id='word_1_238' title='bbox 787 3220 814 3289; x_wconf 79' lang='lat'><strong>³,</strong></span> <span class='ocrx_word' id='word_1_239' title='bbox 830 3234 888 3273; x_wconf 89' lang='lat' dir='ltr'><strong>non</strong></span> <span class='ocrx_word' id='word_1_240' title='bbox 909 3221 953 3274; x_wconf 86' lang='lat' dir='ltr'><strong>cst</strong></span> <span class='ocrx_word' id='word_1_241' title='bbox 966 3215 1042 3274; x_wconf 91' lang='lat' dir='ltr'><strong>dere</strong></span> 
     </span>
     <span class='ocr_line' id='line_1_29' title="bbox 94 3301 1101 3391; baseline 0.005 -24"><span class='ocrx_word' id='word_1_242' title='bbox 94 3310 170 3369; x_wconf 89' lang='lat' dir='ltr'><strong>inter</strong></span> <span class='ocrx_word' id='word_1_243' title='bbox 193 3312 341 3391; x_wconf 85' lang='lat' dir='ltr'><strong>theologos</strong></span> <span class='ocrx_word' id='word_1_244' title='bbox 365 3313 527 3386; x_wconf 88' lang='lat' dir='ltr'><strong>dissidium,</strong></span> <span class='ocrx_word' id='word_1_245' title='bbox 551 3316 601 3376; x_wconf 87' lang='lat' dir='ltr'><strong>sed</strong></span> <span class='ocrx_word' id='word_1_246' title='bbox 630 3319 745 3374; x_wconf 88' lang='lat' dir='ltr'><strong>tantum</strong></span> <span class='ocrx_word' id='word_1_247' title='bbox 772 3315 808 3374; x_wconf 90' lang='lat' dir='ltr'><strong>de</strong></span> <span class='ocrx_word' id='word_1_248' title='bbox 832 3313 1043 3390; x_wconf 87' lang='lat' dir='ltr'><strong>significatione</strong></span> <span class='ocrx_word' id='word_1_249' title='bbox 1099 3301 1101 3308; x_wconf 47' lang='lat'><strong>¹</strong></span> 
     </span>
     <span class='ocr_line' id='line_1_30' title="bbox 95 3408 1045 3475; baseline 0.003 -7"><span class='ocrx_word' id='word_1_250' title='bbox 95 3408 180 3470; x_wconf 86' lang='lat' dir='ltr'><strong>vocis.</strong></span> <span class='ocrx_word' id='word_1_251' title='bbox 223 3413 433 3475; x_wconf 88' lang='lat' dir='ltr'><strong>Verumtamen</strong></span> <span class='ocrx_word' id='word_1_252' title='bbox 446 3415 590 3475; x_wconf 87' lang='lat' dir='ltr'><strong>secundus</strong></span> <span class='ocrx_word' id='word_1_253' title='bbox 604 3414 690 3475; x_wconf 87' lang='lat' dir='ltr'><strong>istius</strong></span> <span class='ocrx_word' id='word_1_254' title='bbox 698 3412 854 3474; x_wconf 90' lang='lat' dir='ltr'><strong>locutionis</strong></span> <span class='ocrx_word' id='word_1_255' title='bbox 865 3431 964 3473; x_wconf 88' lang='lat' dir='ltr'><strong>sensus</strong></span> <span class='ocrx_word' id='word_1_256' title='bbox 977 3412 1045 3472; x_wconf 89' lang='lat' dir='ltr'><strong>usui</strong></span> 
     </span>
    </p>
   </div>
   <div class='ocr_carea' id='block_1_4' title="bbox 95 3508 817 3592">
    <p class='ocr_par' dir='ltr' id='par_1_7' title="bbox 95 3508 817 3592">
     <span class='ocr_line' id='line_1_31' title="bbox 95 3508 817 3592; baseline 0.011 -26"><span class='ocrx_word' id='word_1_257' title='bbox 95 3508 231 3587; x_wconf 89' lang='lat' dir='ltr'><strong>loquendi</strong></span> <span class='ocrx_word' id='word_1_258' title='bbox 245 3513 389 3574; x_wconf 89' lang='lat' dir='ltr'><strong>communi</strong></span> <span class='ocrx_word' id='word_1_259' title='bbox 403 3514 606 3592; x_wconf 85' lang='lat' dir='ltr'><strong>congruentior</strong></span> <span class='ocrx_word' id='word_1_260' title='bbox 618 3535 678 3576; x_wconf 90' lang='lat' dir='ltr'><strong>esse</strong></span> <span class='ocrx_word' id='word_1_261' title='bbox 691 3514 817 3576; x_wconf 85' lang='lat' dir='ltr'><strong>videtur.</strong></span> 
     </span>
    </p>
   </div>
   <div class='ocr_carea' id='block_1_5' title="bbox 372 3693 750 3757">
    <p class='ocr_par' dir='ltr' id='par_1_8' title="bbox 372 3693 750 3757">
     <span class='ocr_line' id='line_1_32' title="bbox 372 3693 750 3757; baseline 0.005 -11"><span class='ocrx_word' id='word_1_262' title='bbox 372 3693 377 3726; x_wconf 89' lang='lat'><strong>¹</strong></span> <span class='ocrx_word' id='word_1_263' title='bbox 392 3694 447 3757; x_wconf 81' lang='lat' dir='ltr'><strong>Sed,</strong></span> <span class='ocrx_word' id='word_1_264' title='bbox 460 3694 510 3748; x_wconf 80' lang='lat' dir='ltr'><strong>vid.</strong></span> <span class='ocrx_word' id='word_1_265' title='bbox 523 3694 548 3747; x_wconf 89' lang='lat' dir='ltr'><strong>d.</strong></span> <span class='ocrx_word' id='word_1_266' title='bbox 563 3697 583 3756; x_wconf 93' lang='lat' dir='ltr'><strong>l,</strong></span> <span class='ocrx_word' id='word_1_267' title='bbox 596 3713 620 3747; x_wconf 90' lang='lat' dir='ltr'><strong>n.</strong></span> <span class='ocrx_word' id='word_1_268' title='bbox 633 3696 669 3756; x_wconf 89' lang='lat'><strong>10,</strong></span> <span class='ocrx_word' id='word_1_269' title='bbox 678 3695 750 3748; x_wconf 83' lang='lat' dir='ltr'><strong>Nota.</strong></span> 
     </span>
    </p>
   </div>
   <div class='ocr_carea' id='block_1_6' title="bbox 0 0 1229 4314">
    <p class='ocr_par' dir='ltr' id='par_1_9' title="bbox 0 0 1229 4314">
     <span class='ocr_line' id='line_1_33' title="bbox 0 0 1229 4314; baseline 0 0"><span class='ocrx_word' id='word_1_270' title='bbox 0 0 1229 4314; x_wconf 95' lang='lat' dir='ltr'><strong> </strong></span> 
     </span>
    </p>
   </div>
  </div>
 </body>
</html>
