2410 4318
176 405 240 470 244
533 380 590 448 De
606 380 742 452 Gratia.
964 387 1069 474 [ursa.
1085 409 1147 454 vm.

215 553 265 610 24.
285 547 348 609 Nea
361 545 477 608 dicatur
489 548 564 608 haue
577 545 757 610 solutionem
771 553 943 613 convenire
958 574 1032 614 eum
1046 561 1150 616 senten·

174 649 217 710 tia
231 647 382 709 Durandi:
403 647 455 708 ille
468 647 546 708 enim
566 667 682 708 omnem
696 669 880 712 oouenrsum
902 654 966 713 Dei
981 675 1055 714 eum
1068 658 1150 715 musis

42 769 50 778 ·
175 749 309 810 seeundia
326 746 485 808 mediatum
506 751 621 808 tantum
645 768 707 808 essa
727 751 848 824 voluit3
875 772 936 812 nos
953 759 1061 814 autem
1083 757 1149 814 huno

174 867 344 910 coneursum
358 847 533 906 affirmamus
546 847 582 908 da
595 847 647 908 illo
668 848 729 908 solo
743 854 816 910 aotu
830 871 893 930 quo
907 853 1013 914 libera
1027 860 1149 915 ereatura

175 975 204 1015 se
218 952 394 1013 determinat
406 952 444 1012 ad
457 951 610 1028 agendum.

214 1055 262 1114 25.
281 1052 385 1130 Neque
394 1050 502 1112 iterum
511 1051 686 1110 dioatnrhae
695 1052 845 1114 solutione
857 1055 961 1116 minui
976 1058 1147 1137 amplitudi-

172 1171 241 1213 nem
253 1150 360 1213 divinoe
370 1150 508 1228 potentie
519 1153 549 1210 et
559 1151 717 1228 perfeotam
727 1157 819 1230 atque
834 1156 1041 1218 essentialem
1055 1160 1146 1218 subor-

174 1251 354 1312 dinationem
375 1249 454 1310 inter
477 1268 593 1310 oausam
614 1249 740 1327 primam
754 1254 785 1310 et
798 1255 989 1329 seeundum
1019 1277 1099 1335 quoe,
1113 1257 1147 1316 ait

174 1351 287 1414 Susum
310 1351 344 1430 (l.
359 1368 384 1410 a.
399 1369 422 1408 a.
440 1349 590 1427 l,u.13),
613 1358 658 1409 est
681 1350 824 1427 “optima
837 1353 939 1413 ratio”
964 1363 1078 1417 eontra
1089 1358 1144 1417 Dn-

173 1452 305 1514 randum.
340 1449 466 1510 Tantum
477 1448 556 1509 enim
569 1451 653 1510 abest
666 1453 700 1510 ut
713 1451 861 1512 solutione
871 1458 981 1515 nostra
996 1457 1145 1518 minuatur

175 1553 337 1634 amplitudo
363 1550 501 1630 potentiae
528 1549 645 1622 divina,
673 1555 708 1611 ut
730 1552 825 1629 magis
852 1555 963 1630 augeri
991 1558 1142 1629 videntum

172 1655 274 1732 utpote
282 1669 349 1730 quae
359 1648 490 1728 potentia
499 1669 559 1709 non
569 1651 663 1728 solum
674 1653 757 1710 tanta
767 1655 821 1724 est,
835 1657 871 1712 ut
885 1655 992 1714 omnia
1005 1659 1111 1734 possit,
1120 1665 1143 1716 et

175 1753 253 1814 nibil
262 1752 320 1814 nisi
333 1771 372 1812 ax
384 1769 420 1811 oa
432 1755 462 1810 et
475 1769 527 1828 per
540 1771 604 1811 eam
616 1751 680 1811 fieri
693 1752 800 1828 possit;
815 1754 866 1812 sed
880 1755 977 1815 etiam
992 1763 1083 1818 tanta
1095 1764 1138 1828 est,

177 1857 211 1913 ut
224 1852 315 1932 possit
324 1854 487 1912 ereaturam
500 1851 620 1911 oondere
633 1851 759 1911 activam
773 1857 804 1912 et
812 1851 1053 1930 intelligentem,
1065 1858 1140 1934 eique

175 1953 253 2014 vires
266 1956 297 2014 at
309 1951 463 2012 facultates
476 1950 600 2028 adjicere
609 1950 791 2024 intrinaeoas,
805 1953 915 2030 quibus
926 1957 1026 2032 possit
1036 1960 1139 2036 absqm

176 2053 233 2114 alio
247 2051 359 2114 auxilio
373 2069 434 2112 aeae
447 2050 484 2110 ad
497 2050 551 2109 hoo
565 2049 614 2109 vel
627 2051 771 2126 agendum
785 2057 910 2112 autnon
931 2057 1086 2131 agendum
1099 2058 1138 2116 in·

176 2153 294 2216 olinare.
330 2153 414 2214 Sient
426 2171 485 2212 non
495 2150 614 2212 luditur
627 2151 678 2211 aed
690 2161 816 2228 augetur
830 2153 964 2230 dignitas
975 2161 1008 2216 et
1017 2158 1140 2217 effieaoia

177 2254 348 2316 moritorum
361 2250 472 2314 Christi
492 2270 531 2312 ex
544 2270 577 2312 eo
590 2251 669 2329 quod
682 2271 769 2330 opera
787 2256 889 2313 nostra
901 2254 1061 2317 meritoria
1072 2257 1140 2316 faoi·

177 2358 250 2417 unt:
266 2353 295 2414 d.
314 2357 359 2426 12,
374 2371 405 2414 n.
421 2356 469 2412 89.

216 2457 266 2517 26.
291 2455 367 2515 “Ex
381 2451 467 2513 dietis
491 2450 601 2532 [multo
622 2449 715 2528 magia
735 2471 773 2512 ex
788 2450 875 2512 dictis
889 2451 948 2526 hio,
973 2473 1006 2514 n.
1021 2455 1137 2536 23-25]

180 2555 274 2618 solium
299 2555 439 2616 habemus
461 2553 523 2613 Deo
550 2571 608 2611 non
635 2551 726 2612 tribui
753 2552 881 2612 aotiones
904 2557 1021 2614 nostras
1049 2557 1136 2615 malas

180 2655 329 2717 moraliter
350 2658 491 2732 tanquam
510 2648 606 2712 oausae'
628 2650 761 2729 positiva
785 2651 880 2711 ineas
903 2651 1051 2714 influenti.
1090 2657 1134 2714 Ad

180 2758 258 2836 quod
278 2755 525 2816 aeoommodatum
545 2755 590 2813 est
603 2752 770 2830 exemplum
783 2753 819 2812 de
839 2753 922 2812 fabro
942 2754 1056 2830 gladios
1069 2775 1132 2816 aon·

179 2857 305 2916 fieiente.
344 2855 387 2915 Ut
399 2854 476 2914 enim
490 2872 550 2912 non
562 2851 745 2928 imputantur
764 2851 845 2911 fabro
868 2853 998 2912 facinora
1020 2873 1087 2932 quae
1098 2857 1132 2915 ab

180 2955 218 3016 iis
231 2954 308 3014 fiunt
321 2953 373 3030 qui
396 2953 501 3030 gladiis
524 2971 583 3012 non
596 2955 674 3012 reete
686 2955 821 3023 utuntur,
836 2971 870 3010 eo
894 2953 974 3029 quod
987 2953 1079 3028 gladii
1089 2954 1129 3012 in·

182 3053 348 3116 differentes
361 3050 421 3112 siut
434 3051 471 3111 ad
483 3051 593 3110 bonum
606 3055 636 3110 et
649 3051 762 3110 malum·
779 3070 876 3124 usum,
888 3051 940 3110 sed
952 3051 1130 3130 imputantur

181 3155 272 3216 libero
286 3151 407 3214 arbitrio
429 3169 539 3224 eorum,
557 3149 608 3228 qui
628 3149 733 3226 gladiis
752 3149 829 3210 male
848 3155 994 3224 utuntur;
1015 3151 1056 3211 ita
1068 3171 1128 3212 oum

182 3273 339 3318 oonoursus
351 3249 408 3312 Dei
421 3249 564 3328 generalis
578 3248 745 3309 indifferens
755 3250 795 3308 sit
808 3249 844 3308 ad
854 3250 944 3309 bonus
956 3255 989 3310 et
1001 3251 1037 3309 ad
1045 3252 1126 3310 malas

183 3355 319 3428 actiones,
335 3351 420 3413 malae
434 3349 561 3410 artiones
574 3367 632 3407 non
646 3347 717 3421 Deo,
733 3350 784 3408 aad
796 3349 985 3408 abutentibus
998 3369 1125 3410 oouoursn

183 3457 241 3517 Dei
253 3455 382 3534 generali
395 3453 432 3514 ad
445 3451 563 3522 malum,
579 3455 648 3509 sunt
660 3450 833 3510 tribuendae.

224 3557 272 3617 27.
296 3555 368 3614 “At
391 3552 467 3612 dioet
489 3549 605 3628 aliquis,
630 3548 708 3608 deut
730 3549 831 3626 eulpa,
847 3549 933 3608 datur
954 3548 1047 3624 fabro,
1066 3570 1123 3610 eun

185 3653 315 3730 gladium
341 3653 430 3713 trudit
445 3650 472 3711 ci
486 3670 574 3730 quom
598 3647 785 3727 probabiliter
808 3648 892 3710 norit
905 3669 938 3709 oo
962 3651 1121 3724 abusurum;
