2408 4304
176 384 240 462 416
536 457 540 464 ,
566 379 621 446 De
647 376 790 446 Gratia.
976 379 1129 470 [msam

176 547 279 608 tantici
298 548 415 626 passim,
430 547 532 609 Versio
545 547 680 625 Anglica,
696 549 904 622 Pnnxnnnsr,
921 549 1082 622 Roumsor,
1095 552 1131 610 to.

178 649 220 709 2⁰.
243 649 322 716 Quid
334 650 391 708 iste
403 668 479 710 nova
490 648 680 710 translatione
693 668 758 709 suae
779 667 886 710 oausae
901 649 1079 710 lucrandum
1088 669 1132 710 me

178 748 389 810 existimaverit
402 750 450 809 hic
462 749 585 827 scriptor
597 748 697 810 videre
709 768 770 810 non
783 769 937 828 possum:
962 749 998 810 in
1012 751 1063 812 illu
1074 751 1133 810 enin

178 850 374 923 translatione,
390 849 465 910 deut
477 849 510 910 in
522 849 581 910 clia
600 849 759 923 communi,
785 850 871 911 clare
897 850 1091 927 significatur
1101 869 1135 910 ss·

177 951 271 1012 lutem
291 955 419 1013 nostram
436 951 601 1031 operatione
623 954 723 1012 nostra
745 953 973 1031 assequendam
993 972 1065 1014 essa
1102 953 1135 1012 3³.

180 1052 302 1120 “Quasi
314 1053 392 1114 satus
404 1057 503 1115 nostre
515 1073 533 1113 a
545 1051 629 1114 nobis
648 1051 799 1114 efficienda
819 1057 901 1115 esset
910 1055 946 1115 :'’
967 1054 1133 1130 Distinguo:

178 1153 241 1213 Deo
254 1173 317 1214 eam
329 1153 362 1214 in
374 1154 457 1215 nobis
470 1157 500 1214 et
512 1153 663 1214 nobiscum
675 1153 867 1232 operantibus
883 1156 1053 1232 operante:
1071 1155 1135 1214 con-

178 1255 266 1316 cedo:
288 1254 402 1316 Aliter:
425 1256 527 1332 Nego:
550 1253 650 1314 stetim
681 1253 761 1315 enim
782 1254 948 1332 subjungit
975 1255 1135 1334 Apostolus

179 1363 198 1393 ‘⁶
210 1359 289 1420 Deus
301 1361 345 1420 est
358 1357 445 1433 enim,
470 1358 524 1437 qui
546 1360 683 1436 operatur
703 1356 737 1417 in
756 1354 841 1418 vobis
863 1360 895 1418 et
917 1357 1003 1418 velle
1028 1361 1061 1418 et
1082 1375 1135 1434 pcr-

178 1458 294 1521 ficere.”

217 1563 266 1618 59.
290 1559 391 1637 op'cct.
416 1564 448 1619 4:
472 1559 571 1618 mntrn
592 1559 719 1635 Argum.
741 1556 770 1628 6,
794 1575 824 1616 n.
848 1561 897 1629 35,
920 1559 977 1618 dre.
1020 1557 1136 1626 Merces,

176 1659 285 1720 Matth.
308 1680 347 1734 v.,
370 1659 522 1739 premium
546 1662 590 1722 est
613 1677 652 1720 cx
671 1659 843 1737 pratianon
856 1677 897 1718 cx
907 1659 1025 1720 deddc.-
1055 1679 1136 1738 quau
1186 1648 1188 1740 ζ

177 1759 393 1822 distinctionem
413 1760 485 1822 facit
504 1761 567 1840 ipsc
576 1759 743 1842 Apostolus,
759 1759 844 1820 Rom.
859 1758 901 1821 iv.
917 1764 947 1820 4.
991 1759 1135 1832 Lrnroun,
1188 1784 1189 1794 ¹

177 1861 198 1922 l.
213 1881 238 1922 o.
253 1883 282 1941 p.
296 1867 373 1936 3823
395 1863 525 1928 darom.

218 1967 266 2024 60.
294 1963 381 2040 Rocp.
409 1963 450 2026 1⁰.
479 1961 656 2039 Distinguo:
679 1959 838 2023 Praemium
860 1963 970 2023 estex
993 1963 1091 2040 gratia
1111 1965 1137 2023 et

177 2064 275 2125 debito
289 2065 391 2126 simul:
413 2084 451 2126 ex
464 2065 566 2142 gratia,
587 2063 620 2124 in
640 2065 785 2142 quantum
798 2083 837 2124 ex
851 2063 949 2141 gratia
963 2083 1041 2142 opus
1054 2064 1136 2126 meri·

177 2164 286 2228 terium
295 2165 403 2244 incipit
422 2169 453 2228 ct
466 2165 603 2233 efficitur:
625 2163 780 2238 exdebito,
802 2163 835 2224 in
849 2167 999 2242 qnantum
1009 2184 1087 2244 opus
1098 2166 1136 2224 iu

178 2265 290 2327 factum
300 2265 506 2328 excellentiam
526 2283 608 2326 suam
620 2279 717 2326 coram
732 2265 795 2324 Deo
807 2264 909 2339 habet,
921 2269 951 2325 et
964 2265 1136 2326 maximein

178 2373 322 2446 quantum
335 2368 425 2442 Deus,
441 2366 494 2445 qui
507 2367 588 2444 operi
608 2367 683 2426 bono
707 2364 801 2424 vitam
824 2370 968 2426 aetcrnam
988 2371 1026 2427 nt
1038 2384 1136 2427 rerum

178 2469 332 2546 praemium
345 2471 376 2530 et
388 2467 551 2528 mercedem
563 2465 705 2544 promisit,
720 2464 864 2543 promisso
878 2485 932 2526 suo
946 2471 1024 2527 stare
1037 2467 1135 2526 debet:

179 2571 330 2636 Concedo:
352 2571 407 2630 Est
426 2589 465 2630 ex
488 2567 591 2646 gratia,
611 2568 673 2628 sino
696 2566 757 2626 ullo
782 2566 898 2628 intuitu
911 2569 982 2628 boui
999 2569 1097 2647 operis
1109 2573 1137 2628 et

177 2672 375 2750 promissionis
387 2671 461 2733 Dei:
482 2668 575 2747 Nego.
617 2670 660 2731 20.
681 2669 720 2730 In
733 2667 790 2728 isto
807 2669 873 2728 loco
896 2670 984 2731 Ram.
1005 2671 1136 2749 loquitur

178 2751 329 2834 §.Paulus
342 2774 378 2833 de
391 2772 527 2850 operibus
547 2769 729 2832 naturalibus
742 2771 772 2830 ct
785 2767 849 2830 siue
858 2770 966 2850 gratia
979 2771 1078 2844 factis,
1092 2770 1135 2830 uti

178 2874 368 2948 ostendimus,
385 2874 413 2934 d.
431 2878 477 2946 10,
492 2872 513 2931 l.
529 2891 554 2932 e.

214 2976 283 3034 ⁴⁵61.
306 2974 352 3035 De
374 2973 536 3052 objectione
557 2973 658 3032 eontra
680 2971 788 3032 Coloss.
813 2969 859 3031 iii.
886 2971 931 3051 (n.
955 2974 1019 3053 39),
1041 2991 1129 3051 qnam

175 3073 306 3138 insinuet
315 3074 443 3149 Aureae,
460 3072 521 3134 vid.
535 3071 620 3142 iutra,
635 3091 666 3134 n.
681 3073 731 3135 76.

261 3355 276 3436 5
294 3361 321 3418 4.
343 3355 497 3436 deductor
514 3355 786 3432 Otjooto'oocscoctro
798 3353 1034 3428 Propositum.

212 3561 260 3616 62.
286 3556 386 3635 object
407 3562 434 3618 5.
463 3557 560 3617 Datur
581 3555 644 3616 vite
670 3557 778 3616 aetema
801 3573 839 3615 ex
865 3552 1063 3616 misericordia
1076 3576 1127 3616 :-

173 3659 192 3688 “
207 3656 266 3728 Qui
293 3660 409 3718 coronet
442 3660 471 3717 te
504 3657 537 3722 iu
568 3655 766 3726 misericordia
797 3658 827 3716 et
852 3653 1123 3722 miserationibus?
