2402 4292
159 414 222 491 338
513 405 569 472 De
586 405 718 474 Grats'a.
815 429 819 432 ·
959 405 1062 493 [mss.
1076 427 1120 474 rx.

156 577 212 636 hoc
234 559 389 652 supposito,
412 591 520 634 munus
536 573 645 651 judicis
660 577 705 636 est
718 593 843 654 poenam
852 573 886 633 in
899 591 971 634 eum
986 577 1121 646 statuere,

158 679 188 738 st
200 677 233 735 in
242 677 297 735 hoo
319 678 363 735 ost
387 673 597 736 condemnatio.
641 675 726 735 Siout
748 693 817 750 crgo
835 673 990 734 sententia
1005 675 1121 735 domus·

156 775 246 836 tionis
266 775 337 836 iacit
359 777 511 835 nocentem
525 793 593 834 vere
606 777 636 835 et
649 774 811 834 intrinseca
831 774 1002 834 obnoxium
1016 795 1120 852 poene,

157 876 201 938 ita
213 880 243 938 ot
253 875 422 955 justificatio
436 875 507 934 facit
520 895 587 934 eum
599 893 667 935 rere
681 879 711 935 et
724 875 883 934 intrinsece
892 877 1031 952 justum.

195 983 244 1038 94.
269 978 369 1055 Objcoi.
385 981 412 1036 2.
432 975 608 1058 Justificatio
623 977 730 1036 insola
749 975 921 1036 remissione
937 976 1125 1056 (non-impu-

161 1078 286 1156 tatione)
297 1080 479 1156 peccatorum
492 1076 641 1137 consistit¹
680 1072 760 1152 Ergo
780 1095 840 1136 non
860 1076 954 1136 datur
966 1075 1026 1136 illa
1038 1079 1128 1154 gratis

156 1179 323 1260 justificans
343 1179 503 1240 intrinseca
525 1181 556 1240 et
576 1177 732 1239 inhaerens.
774 1177 967 1238 Antecedens
988 1180 1127 1257 probatur

161 1297 198 1340 ex
212 1281 300 1340 variis
313 1281 385 1341 locis
401 1283 431 1341 S.
446 1280 604 1357 Scriptura
615 1279 772 1340 2-“Ecce
786 1279 893 1355 Agnus
905 1278 980 1350 Dei,
996 1280 1126 1358 eccequi

159 1378 239 1440 tollit
259 1383 410 1458 peccatum
432 1379 536 1440 mnndi
549 1379 577 1439 :”
597 1379 682 1440 Josn.
703 1380 724 1438 i.
746 1383 805 1439 29:
831 1377 921 1446 “Qui
935 1379 1075 1443 traditus
1087 1385 1124 1442 est

158 1481 276 1558 propter
283 1480 389 1542 delicto
402 1481 534 1542 nostra:'‘
555 1479 640 1540 Rom.
653 1479 693 1539 iv.
709 1483 768 1554 25;
790 1479 851 1552 ito„
866 1481 918 1540 &a

201 1581 250 1641 95.
272 1583 355 1658 Resp.
376 1583 523 1659 Frequens
536 1583 581 1640 est
593 1579 670 1658 apud
683 1582 815 1640 auctores
825 1579 1065 1642 Protestanticos
1075 1581 1123 1641 hoc

159 1700 249 1756 genus
266 1681 470 1758 objectionum,
496 1699 561 1760 qna
578 1683 676 1738 tamon
696 1679 781 1740 valde
799 1679 912 1756 inepta
938 1684 973 1741 et
995 1683 1123 1741 absurde

162 1783 238 1840 sunt.
280 1781 319 1840 In
328 1781 462 1841 testibus
471 1781 516 1858 obj
520 1777 591 1840 ectis
604 1778 782 1838 solummodo
795 1783 982 1841 memoratur
995 1783 1123 1842 remissio

159 1883 342 1956 peccatorum
363 1885 399 1940 ut
420 1879 488 1939 finis
511 1883 541 1939 et
564 1878 686 1939 effectus
704 1877 917 1939 incarnationis
932 1883 966 1940 et
978 1881 1121 1958 passionis

160 1979 277 2041 Ohristi.
318 1981 396 2058 Ergo
410 1979 462 2040 alii
475 1999 533 2039 non
547 1981 616 2038 sunt
628 1977 701 2038 fines
720 1981 772 2037 ant
795 1977 927 2048 effectus,
944 1980 1005 2039 etsi
1017 1982 1052 2040 in
1061 1982 1120 2041 aliis

157 2079 290 2140 textibus
307 2079 413 2142 diserte
436 2078 597 2151 memorati,
618 2082 654 2138 ut
675 2095 771 2154 supra,
794 2097 825 2137 n.
851 2082 899 2150 89,
916 2078 977 2140 901
992 2080 1023 2142 i!
1067 2083 1119 2140 De·

157 2178 227 2238 letio
237 2181 338 2240 antem
352 2185 383 2240 et
396 2180 527 2241 remissio
550 2178 662 2257 peccati
677 2179 748 2237 adeo
762 2178 862 2238 crebro
877 2182 909 2238 et
921 2181 1061 2254 graviter
1074 2201 1120 2260 per

158 2299 187 2339 se
200 2283 401 2352 memoratum
422 2280 491 2358 quia
513 2282 665 2356 peccatum
690 2281 735 2338 est
755 2277 787 2337 id
807 2279 888 2356 quod
902 2279 1004 2340 solnm
1029 2282 1119 2343 totins
1182 2295 1183 2304 ¹

157 2381 178 2439 h
199 2381 279 2440 mani
292 2382 405 2457 generis
429 2380 545 2439 ruinam
568 2379 601 2437 in
624 2398 676 2438 suo
699 2377 796 2456 capito
816 2379 923 2451 effecit,
940 2381 1025 2456 quod
1040 2381 1068 2440 ei
1081 2385 1119 2440 tot

157 2481 231 2540 bona
244 2479 372 2560 eoelestis
385 2479 511 2556 eripuit3
533 2479 568 2538 ad
584 2479 661 2554 quoi
675 2478 828 2538 dolendum
843 2477 994 2556 imprimis
1009 2484 1119 2540 stante

158 2579 255 2639 omnia
277 2579 358 2639 venit
379 2579 473 2638 Filius
496 2578 553 2638 Dei
572 2578 605 2637 in
628 2579 706 2636 hunc
736 2578 900 2648 mundum
928 2597 992 2656 quo
1013 2580 1117 2651 deleto,

157 2680 270 2740 homini
290 2681 370 2758 lapso
403 2681 564 2740 redduntur
595 2679 751 2752 cumulate,
779 2680 942 2738 secundum
968 2681 1116 2740 decretum
1182 2709 1183 2714 κ

158 2785 300 2857 divinum,
316 2805 349 2844 ea
362 2785 466 2845 omnim
479 2803 544 2862 quse
555 2783 678 2843 inbonis
690 2783 795 2860 ereptis
806 2785 1023 2861 pretiosissimo
1036 2795 1115 2852 sunm

157 2884 1115 2960 quonondeleto,homoinsuasummamiseriademersnsmansis·

158 2992 201 3048 set
210 2987 240 3048 in
253 2991 401 3047 oeternum.
432 2989 586 3050 Peccatum
595 2992 639 3048 est
647 2989 774 3067 primurn
783 2989 975 3066 malornm,et
986 2992 1112 3054 omnium

187 3165 195 3200 ¹
214 3168 246 3218 In
263 3166 361 3232 seriptis
372 3165 403 3216 de
413 3167 590 3232 justificatione
605 3167 734 3220 volvendis
749 3172 882 3218 sactorum
906 3168 1052 3220 recentium
1064 3169 1113 3219 An·

154 3254 277 3318 glicorum
289 3253 493 3313 protestantium,
505 3269 592 3304 eorum
602 3255 742 3320 prasertim
752 3254 795 3318 qui
803 3269 833 3303 cx
844 3253 956 3303 Ecclesia
969 3253 1113 3305 Constituis

156 3345 222 3399 sunt,
234 3357 333 3392 sensum
348 3340 376 3390 in
386 3339 538 3406 exponendis
548 3342 678 3392 sententiis
693 3340 761 3392 hand
773 3357 832 3391 raro
842 3339 916 3391 raldo
925 3357 1078 3408 suspensum
1087 3349 1112 3392 ct

156 3429 288 3478 obscurum
298 3428 390 3486 inveni,
402 3432 431 3477 ut
449 3428 486 3478 nil
505 3426 586 3477 dicam
606 3428 638 3478 de
655 3429 748 3494 opertis
765 3429 947 3494 repugnantiis.
981 3429 1021 3478 Ne
1039 3435 1111 3496 putet

153 3530 211 3580 ergo
222 3515 302 3564 lector
313 3515 448 3564 sententias
460 3530 516 3580 quse
527 3515 554 3564 in
568 3515 748 3580 objectionibus
764 3515 937 3582 significantur
954 3531 1008 3566 esse
1024 3532 1108 3566 omncs
1182 3521 1183 3536 ¹

151 3616 295 3652 communes
305 3603 514 3650 Protestantiurn:
532 3601 588 3651 nliae
606 3602 672 3654 anim
687 3609 747 3654 sunt
766 3601 843 3672 hujus
863 3607 944 3666 sectae,
958 3603 1017 3654 aliae
1032 3604 1105 3664 illius,
1182 3603 1183 3612 ¹

151 3683 207 3733 aliae
218 3683 338 3748 plurium,
349 3684 405 3735 aliae
416 3687 537 3750 omnium4
