2402 4292
33 441 143 490 nrsr.
163 419 227 508 m]
295 417 352 485 De
365 416 505 484 Neara
521 419 555 484 ct
575 415 726 484 Vz'Grat.
743 415 859 483 Hobz't.
957 435 1020 501 315

39 607 177 666 semper
196 586 230 648 in
250 584 385 648 omnibus
406 584 591 657 conveniunt,
618 586 649 644 et
668 583 746 644 idem
760 582 822 661 ipse
836 582 959 660 scriptor
973 583 1021 663 (ut

40 688 233 749 Lutberns:
255 687 305 746 vid
330 689 470 758 Brontes,
495 685 528 744 in
555 685 618 744 Art.
646 687 692 752 11,
715 687 784 745 sect.
803 688 836 756 1;
869 685 1019 758 anmsrs,

46 792 72 823 ‘⁴
86 787 236 848 Lectores
249 805 286 846 on
299 786 319 847 J
320 785 528 857 notification,”
550 784 667 855 Lectt,
684 803 714 844 n.
732 787 777 856 14,
799 783 873 862 not.)
894 784 1022 844 sibinen

46 906 179 965 semper
192 889 328 948 constans
351 888 405 956 est,
421 885 500 962 qnod
519 883 552 943 in
573 902 632 944 uno
654 884 717 944 loco
741 887 907 962 propugnat
920 885 953 943 in
966 884 1022 944 elio

48 989 208 1060 deserens,
230 986 308 1065 quod
328 984 378 1046 hic
400 984 471 1046 satis
494 984 571 1044 clere
593 983 702 1062 profert
715 983 777 1044 illic
790 1003 908 1061 prorsus
922 987 1022 1046 obscu-

49 1109 150 1163 rans3
172 1089 251 1162 binc,
263 1107 295 1149 re
307 1106 458 1166 perpensa,
481 1087 561 1146 bunc
575 1086 703 1159 modum,
729 1090 760 1148 et
778 1086 933 1147 molestum
946 1091 978 1148 et
990 1086 1023 1148 in

51 1190 241 1271 quibusdam
250 1189 320 1250 adeo
328 1188 483 1262 incentum,
501 1207 561 1248 non
575 1207 636 1249 esse
650 1187 831 1267 sequendum
843 1189 953 1250 censui.

100 1295 153 1350 88.
185 1289 287 1350 Altero
310 1289 396 1349 modo
424 1307 513 1366 quem
540 1286 699 1366 sequimur,
727 1292 916 1348 recensentur
942 1290 1024 1350 varia

49 1390 159 1469 capita
172 1408 303 1450 errorum
323 1390 375 1467 qni
389 1388 468 1466 apud
488 1391 581 1448 sectas
600 1392 632 1448 et
645 1391 777 1448 auctores
798 1389 1024 1449 Protestanticos

55 1488 248 1568 conjunctim
260 1493 405 1568 spectatos
424 1487 527 1564 vigent
537 1510 545 1562 ;
568 1507 693 1566 quornm
712 1507 841 1548 errorum
862 1488 914 1548 alii
928 1489 964 1548 sb
977 1489 1024 1548 bis

62 1587 120 1650 alii
142 1589 180 1650 ab
200 1588 270 1660 illis,
283 1589 332 1650 vel
344 1588 377 1648 in
399 1591 461 1650 toto
484 1587 533 1648 vel
553 1586 585 1648 in
609 1591 700 1665 parte,
722 1588 772 1648 vel
793 1587 964 1666 simpliciter
976 1588 1025 1648 vel

63 1707 136 1748 cnm
157 1687 256 1768 aliquo
271 1690 509 1766 temperamento,
535 1686 730 1764 accipiuntur.
772 1689 838 1748 Duo
861 1691 932 1748 sunt
951 1707 1024 1768 pra·

63 1788 156 1865 cipue
169 1791 334 1866 systemata,
350 1786 587 1866 Lutberanumffet
598 1785 828 1860 calvinisticum
841 1804 917 1866 qua,
933 1807 1024 1866 quan·

64 1887 180 1948 tumvis
197 1887 230 1948 in
257 1887 325 1948 aliis
349 1887 427 1948 inter
453 1905 483 1948 se
510 1887 684 1965 discrepent,
709 1887 742 1946 in
765 1889 819 1948 hcc
841 1887 964 1950 materia
990 1889 1025 1948 de

64 1988 85 2048 J
87 1986 283 2050 ustificotionc
293 1987 390 2066 quoad
404 1987 595 2050 substantiam
610 1991 649 2060 et,
658 1986 743 2048 utita
756 1987 859 2061 dicam,
873 1989 903 2048 in
917 1989 1024 2048 funda·

65 2086 244 2148 mentalibus
265 2086 454 2150 conveniunt.
506 2087 672 2165 Systcmatc
693 2087 751 2148 iste
777 2088 916 2167 (qnorum
927 2087 1026 2149 brevis

69 2190 101 2246 et
127 2185 204 2246 clare
234 2185 379 2266 expositio
413 2186 548 2248 videatur
581 2187 660 2266 apud
686 2187 841 2260 Pannona,
870 2208 908 2250 ex
940 2208 1026 2268 opere

71 2287 231 2348 Mcmnnr
245 2287 405 2365 contracta)
414 2287 446 2346 in
458 2287 506 2348 his
518 2287 685 2363 regionibns
696 2288 795 2348 valent
808 2288 936 2349 maxime
950 2290 1027 2367 apud

74 2385 310 2464 Presbyterianos
330 2391 361 2448 et
383 2386 577 2449 Methodistas
599 2390 637 2461 et,
662 2386 694 2448 in
707 2387 836 2450 Ecclesia
850 2389 1024 2464 constituta,

76 2486 154 2564 apud
166 2486 395 2564 Evangelioales.

117 2591 164 2648 39.
183 2587 303 2650 Errores
316 2588 498 2649 Novatcrnm
517 2587 553 2648 de
573 2587 785 2666 justificatione
798 2589 835 2650 ad
850 2599 909 2650 tres
923 2590 1028 2651 classes

75 2694 255 2764 revocantur,
271 2693 359 2769 prout
372 2689 533 2768 respiciunt
553 2690 645 2768 ipsam
655 2690 875 2769 justificationis
894 2695 1028 2752 naturam
1110 2765 1112 2770 ,

78 2791 184 2864 etnim,
198 2791 245 2852 vel
259 2795 347 2869 prout
360 2790 519 2868 respiciunt
540 2790 719 2851 conditiones
739 2792 776 2851 ad
790 2811 853 2852 eam
865 2791 1028 2852 habendam

80 2893 297 2972 prareqnisitas,
324 2893 373 2953 vel
398 2896 486 2971 prout
512 2891 673 2971 respiciunt
699 2893 856 2972 qualitates
881 2894 946 2973 ejus
965 2895 1028 2974 jam

81 2993 194 3054 hobitoe.

120 3093 146 3156 J.
164 3093 328 3154 Secundum
342 3092 504 3152 Novatores
526 3093 566 3167 10,
579 3093 756 3172 justificatio
767 3095 934 3172 peccatoris,
949 3097 1028 3174 quod

82 3192 184 3255 attinet
211 3193 247 3252 ad
273 3192 471 3253 remissionem
494 3199 686 3271 peccatorum,
710 3200 755 3255 est
776 3216 851 3273 pure
876 3197 1026 3258 forensica.
1073 3224 1077 3233 ·

84 3293 119 3352 In
131 3311 162 3352 ea
174 3293 248 3352 nihil
261 3313 330 3353 vere
343 3293 506 3353 remittitur
519 3293 577 3353 nisi
591 3295 651 3353 sola
663 3314 757 3371 poena
777 3295 907 3372 peccati:
930 3298 1027 3374 ipsum

83 3397 225 3468 peccatum
237 3396 345 3466 manet,
370 3393 420 3452 sed
444 3393 527 3469 quasi
548 3398 658 3454 tectum
671 3398 702 3453 et
714 3413 773 3453 non
793 3395 920 3472 amplius
932 3395 1027 3474 impu·

85 3497 181 3550 tatum.
219 3492 300 3552 Dens
321 3496 500 3569 peccatorem
524 3493 712 3570 justificando
732 3513 791 3552 non
812 3495 882 3554 facit
902 3496 1025 3572 justum,

86 3591 132 3652 sed
152 3610 200 3669 pro
217 3591 300 3670 justo
318 3597 443 3670 reputat,
463 3592 579 3670 justum
601 3597 703 3654 vocat:
736 3594 836 3654 ecdem
859 3595 943 3654 modo
969 3616 1026 3674 quo

83 3690 176 3772 judex,
189 3710 270 3754 reum
284 3691 467 3766 exsolvendo,
492 3711 551 3752 non
574 3691 645 3754 facit
664 3712 731 3754 eum
745 3693 888 3756 insontem
898 3694 949 3756 sed
962 3698 1025 3756 ton·
