2408 4304
86 425 176 474 mor.
192 402 271 497 xrs]
437 404 643 475 natrano.
975 424 1038 488 45³

82 573 123 635 B.
138 574 175 636 V.
191 573 323 647 Mariam,
339 573 461 654 ejusque
473 573 650 653 propagatio,
662 574 806 652 quantum
819 570 964 632 commodo
977 570 1042 632 fleri

81 677 191 752 potest,
207 675 239 734 in
252 675 385 734 cordibus
398 675 529 736 oliorum.
575 675 710 746 Quintum
717 677 762 735 est
770 672 869 744 oratio,
885 671 1042 732 secundum

83 775 168 834 dicta
190 795 220 836 n.
253 779 317 835 165.
358 776 403 836 Do
426 795 484 854 quc
510 777 566 836 duo
590 779 706 834 tantum
732 774 781 833 hic
807 773 936 834 breviter
962 776 1041 832 noto.

86 875 133 935 10.
156 875 304 954 Frequens
317 894 378 936 esse
391 876 477 936 debet
490 876 580 936 oratio
595 874 727 952 specialis
735 893 787 952 pro
800 874 855 933 hac
868 873 932 950 ipsa
945 872 1044 950 gratia

80 975 306 1053 perseverantius
320 975 416 1035 finalis
429 975 557 1037 definite.
599 975 642 1035 2⁰.
659 975 769 1042 Praeter
783 974 925 1034 orationes
939 973 1042 1033 solem·

84 1077 192 1150 micres,
218 1095 285 1156 quae
305 1077 424 1138 statutis
448 1077 548 1137 formis
562 1079 591 1137 et
605 1076 782 1154 temporibus
804 1075 934 1154 quotidie
956 1075 1042 1146 fiunt,

83 1175 174 1238 valde
184 1177 428 1238 commendandus
450 1181 494 1238 est
514 1197 585 1236 usus
606 1197 657 1254 per
681 1177 757 1238 diem
777 1177 913 1255 frequens
926 1193 1044 1255 precum

85 1297 162 1355 quas
174 1281 279 1338 vocant
292 1276 492 1356 ejaculatorias
505 1295 557 1336 seu
570 1277 767 1354 aspirationes,
779 1295 844 1355 quse
855 1276 887 1336 iu
900 1278 1044 1336 momento

83 1376 225 1454 temporis
238 1377 353 1438 etinter
366 1395 556 1456 quaeoumquo
569 1376 687 1454 negotia
699 1376 785 1437 facile
795 1375 859 1444 fieri
868 1378 998 1454 possunt.

132 1479 197 1540 171.
218 1477 287 1536 Alia
297 1481 366 1536 sunt
384 1475 498 1537 media:
522 1477 573 1536 sed
595 1475 646 1554 qui
669 1477 731 1536 haec
748 1477 821 1536 bene
832 1480 862 1536 et
875 1479 1040 1536 constanter

84 1577 207 1636 adhibet
219 1576 394 1654 impossibiie
415 1581 458 1636 est
479 1581 513 1636 ut
532 1595 566 1636 ea
585 1595 644 1635 non
657 1577 771 1636 habeat.
814 1575 957 1643 Quoniam
971 1595 1039 1636 vero

83 1677 142 1736 hoc
155 1695 226 1752 opus
239 1676 270 1734 in
283 1695 370 1735 usum
384 1694 483 1735 eorum
502 1675 658 1747 conscribo,
674 1674 736 1752 qui,
752 1694 782 1734 se
795 1679 989 1753 preparantes
1003 1676 1039 1734 ad

84 1774 288 1848 sacerdotium,
304 1774 336 1834 in
350 1775 510 1853 disciplinis
517 1773 874 1852 theologicisinoumbunt‚
890 1775 937 1836 vel
951 1776 1039 1835 etiam

85 1896 189 1938 eorum
203 1875 254 1954 qui
267 1875 424 1936 sacerdotio
443 1877 506 1954 jam
528 1875 663 1953 insigniti
674 1874 707 1934 in
719 1875 805 1936 vines
824 1876 942 1936 Domini
956 1896 1037 1936 exer-

84 1982 268 2038 centur-ex
283 1995 406 2054 quorum
414 1975 627 2054 perseverantia
636 1975 732 2036 activa
740 1975 848 2054 pendet
856 1995 1039 2054 perseveran-

83 2078 130 2139 tia
152 2081 197 2139 tot
217 2076 344 2136 millium
365 2072 395 2136 e't
418 2075 513 2136 active
536 2079 566 2136 et
588 2075 720 2152 passive3
742 2076 808 2136 illos
830 2097 928 2138 omnes
954 2077 1040 2138 enixe

84 2196 187 2255 rogare
201 2179 232 2240 et
244 2195 358 2238 monere
365 2176 481 2262 ¹vellem,
491 2179 526 2236 ut
539 2175 619 2236 aliud
633 2179 662 2236 et
678 2176 806 2236 medium
818 2179 1040 2256 perseverentiae

86 2285 201 2340 certum
232 2279 262 2338 et
294 2277 410 2354 signum
435 2276 474 2356 (si
495 2277 673 2354 permaneat)
700 2278 963 2354 predestinationis
988 2279 1041 2340 vix

85 2379 195 2451 minus,
211 2397 247 2437 ne
261 2377 354 2437 diram
368 2397 427 2436 non
439 2376 545 2449 minus,
560 2378 857 2454 centumperpendant
869 2379 951 2451 serio,
968 2385 998 2440 et
1010 2379 1041 2438 in

87 2483 207 2556 pectora
221 2478 278 2536 alte
300 2477 465 2537 demittant.
506 2476 637 2536 Medium
660 2476 714 2534 hoc
728 2480 758 2534 et
771 2476 886 2552 signum
905 2477 985 2537 zelus
999 2483 1042 2538 est

92 2601 145 2659 pro
160 2581 252 2639 salute
266 2579 435 2649 animarum,
452 2578 579 2638 maxime
599 2581 694 2636 autem
715 2598 766 2654 pro
781 2580 963 2640 conversione
977 2601 1041 2658 pec-

88 2685 228 2740 catorum.
269 2679 371 2738 Zelum
385 2681 448 2738 dico
462 2699 567 2756 purum
590 2678 640 2755 (ex
654 2678 761 2736 motivo
774 2680 870 2758 puro),
886 2681 1040 2754 fervidum,

90 2800 219 2852 errorem,
244 2781 413 2856 sapientem,
436 2779 660 2838 indeficientem.
703 2781 748 2838 Ex
772 2780 864 2839 altera
885 2785 976 2858 perte,
992 2783 1041 2842 de-

88 2881 184 2938 fectus
197 2879 286 2956 hujus
299 2878 365 2952 zeli,
382 2879 483 2938 saltem
504 2897 674 2954 permanens
688 2885 717 2936 et
729 2879 788 2938 nisi
811 2886 936 2953 sanetur,
948 2883 1043 2957 gravis

93 2986 123 3038 et
138 2977 302 3054 culpabilis,
315 2980 346 3037 in
360 2978 397 3037 iis
411 2977 461 3056 qui
475 2997 572 3036 euram
584 2976 745 3036 animarum
755 2983 912 3057 utcumque
926 2983 1042 3054 habent,

89 3083 251 3156 parentum,
264 3079 477 3155 magistrorum,
489 3077 733 3152 confessariorum,
745 3081 943 3154 parochorum,
956 3081 1042 3158 Epis-

90 3197 239 3256 ooporum,
256 3177 371 3253 signum
387 3181 430 3237 est
442 3175 649 3254 reprobationis
663 3196 720 3236 non
734 3179 830 3237 minus
844 3186 962 3240 certum.

133 3281 200 3343 172.
228 3278 302 3338 Haeo
328 3297 380 3354 ego
401 3297 459 3337 non
483 3297 520 3335 ex
543 3275 659 3353 proprio
686 3279 800 3337 cerebro
828 3280 902 3352 coxi,
931 3283 979 3342 sed
1006 3303 1043 3342 ex

91 3377 259 3438 auctoribus
272 3377 450 3456 gravissimis
463 3375 613 3454 depromsi
655 3377 735 3436 Duos
749 3383 865 3438 tantum
878 3385 964 3442 testes
978 3401 1043 3458 pro·

92 3481 198 3552 feram,
215 3498 308 3538 unum
329 3498 366 3538 ex
389 3479 426 3537 iis
440 3477 490 3556 qui
502 3476 579 3534 inter
592 3476 688 3534 secula
702 3479 859 3538 recentiora
873 3479 1042 3558 floruerunt,

92 3579 218 3637 alterum
241 3599 279 3639 ex
300 3579 428 3657 antiquis
450 3575 595 3637 Patribus.
635 3576 718 3635 Prior
742 3585 785 3638 est
805 3581 834 3638 S.
856 3581 1043 3655 Anrnousus,

94 3677 147 3756 qui
173 3677 206 3737 in
233 3679 322 3739 Praxi
349 3677 532 3750 confessarii,
563 3693 593 3734 n.
625 3679 650 3750 l,
675 3677 736 3740 haee
760 3679 1045 3760 habetz-“Magna
