2424 4300
120 379 208 425 alsa.
226 359 288 444 1v.]
336 358 391 422 De
409 357 529 424 Gratia
544 358 769 428 Medz’cc'aalz':
788 360 937 445 pcszlz'vc.
1017 384 1075 444 115

120 544 207 586 orans
230 525 355 601 gratiam
379 526 620 599 adsumendum,
645 531 675 586 et
698 527 825 600 vincens,
850 547 882 586 eo
903 527 965 605 ipso
989 529 1078 589 habet

119 644 231 685 novum
258 626 404 698 meritum,
435 627 490 685 etsi
516 626 548 685 id
578 646 630 686 nec
657 627 729 686 sciat
755 646 808 686 neo
835 628 871 687 de
898 647 931 687 eo
959 629 1036 704 cogit
1053 632 1075 689 t.

119 726 286 804 Utrumque
304 713 473 803 'conjungit
503 725 591 785 simul
624 731 654 786 et
687 727 844 804 distinguit
878 727 906 788 S.
931 727 1077 788 Cumanus

121 827 276 886 Anniano.
305 826 370 902 (lib.
388 831 404 884 9
418 826 451 885 in
463 827 482 886 J
483 826 584 885 oannis
596 827 709 903 Evang.
725 827 787 886 xiv.
806 828 855 906 18)
867 832 1076 904 ε-Αμηχανον

120 947 177 999 γαρ
202 929 354 1000 ανθρωπου
376 932 484 1004 ψυχην
507 930 685 1000 κατορθωσαι
705 950 731 982 τι
750 949 807 982 των
828 930 953 1000 apodas,
983 951 1074 1006 quovit

9 1089 21 1104 „
119 1047 179 1080 των
195 1048 304 1082 οικειων
320 1048 452 1101 aper-apocr
469 1031 577 1100 παθων,
599 1051 616 1102 η
632 1050 679 1102 της
695 1031 834 1102 διαβολου
850 1031 969 1101 sapidos
983 1033 1075 1102 ofesce

121 1129 267 1200 διαδραναι
282 1151 313 1182 το
331 1131 466 1200 penedos,
487 1151 525 1205 μη
541 1135 576 1222 τῇ
588 1151 639 1183 του
653 1127 736 1200 ἅγιον
751 1132 916 1203 Πνευματος
930 1151 1072 1204 τετειχισ-

118 1251 213 1304 pevela
227 1250 334 1302 χαριτι.
375 1227 483 1286 “Fieri
499 1227 576 1287 enim
591 1227 695 1305 nequit
709 1233 743 1287 ut
756 1228 882 1286 hominis
896 1228 992 1288 anima
1005 1229 1074 1288 boni

127 1326 288 1404 quidquam
311 1330 386 1402 agat,
412 1331 463 1386 aut
484 1347 549 1386 suas
572 1327 748 1405 cupiditates
772 1331 897 1404 superet,
924 1331 975 1387 aut
999 1348 1077 1388 acres

125 1425 233 1486 diaboli
253 1426 371 1504 laqueos
395 1426 494 1499 evitet,
515 1427 572 1486 nisi
594 1417 686 1486 sancti
704 1427 830 1504 Spiritus
850 1427 944 1503 gratia
964 1428 1078 1487 munita

63 1583 66 1588 ,
124 1526 195 1586 sit.''

164 1631 212 1684 33.
234 1627 448 1686 Aaonnnunma
466 1628 512 1688 Il.
537 1646 575 1686 ex
598 1625 757 1686 universali
779 1625 911 1685 fidelium
935 1646 1021 1686 sensu
1048 1631 1078 1688 et

122 1726 212 1786 etiam
239 1726 428 1803 experientia.
470 1727 542 1786 Tres
570 1729 638 1785 sunt
665 1727 772 1785 classes
796 1726 936 1784 fidelium.
979 1726 1078 1785 Prima

121 1846 222 1886 eorum
242 1830 295 1897 est,
318 1825 370 1903 qui
389 1826 466 1885 male
488 1826 595 1885 vivunt
614 1826 813 1897 habitualiter‚
840 1825 963 1902 singulis
981 1830 1078 1886 tenta-

121 1925 252 1984 tionibus
271 1929 306 1984 ut
324 1930 479 1984 occurrunt
499 1927 641 1985 cedentes.
682 1926 726 1984 Hi
740 1946 807 1985 sane
828 1927 863 1985 de
885 1927 1013 1986 oratione
1028 1930 1079 1986 aut

123 2026 160 2084 de
174 2025 235 2084 ullo
249 2026 305 2084 alio
325 2026 421 2084 medio
435 2027 471 2084 ad
486 2025 660 2085 tentationes
682 2025 919 2104 comprimendas,
944 2025 1005 2084 sive
1025 2045 1077 2084 na-

123 2125 215 2184 turali
229 2127 289 2184 sive
310 2126 533 2204 supernaturali,
557 2127 719 2186 adhibendo
738 2145 775 2185 ne
797 2127 916 2203 quidem
939 2127 1077 2200 cogitant.

122 2227 227 2286 Altera
240 2227 338 2286 classis
359 2229 524 2298 commeat,
542 2227 594 2304 qui
613 2228 644 2285 in
659 2227 764 2286 ultima
783 2227 962 2287 confessione
975 2245 1078 2285 verum

121 2326 302 2404 propositum
321 2346 380 2384 non
399 2326 536 2402 peccandi
550 2327 585 2386 de
600 2330 694 2386 cetero
708 2327 882 2400 habuerunt,
904 2327 954 2384 sed
967 2325 1078 2384 infirmi

122 2428 207 2486 modo
226 2428 392 2488 resistentes
406 2427 561 2486 tentationi
576 2447 638 2486 eam
652 2427 786 2500 vincunt,
808 2429 894 2486 modo
914 2426 1079 2486 resistentes

121 2528 291 2586 vincuntur.
335 2527 366 2586 si
387 2546 447 2586 rem
467 2527 626 2603 diligentur
646 2527 851 2604 exploraveris,
877 2526 1002 2603 reperies
1026 2545 1074 2584 eos

121 2629 186 2688 ideo
201 2627 334 2705 delapsos
348 2646 417 2701 esse,
433 2627 503 2704 quia
513 2627 561 2687 vel
575 2627 730 2686 tentationi
743 2626 859 2686 nonnisi
867 2626 943 2684 vires
956 2629 1077 2684 natura·

121 2731 165 2790 les
178 2732 382 2808 opposuerunt,
405 2729 454 2788 vel
477 2733 577 2788 contra
590 2748 652 2789 eam
666 2727 778 2787 auxilia
792 2727 892 2786 divina
905 2747 963 2785 non
977 2726 1074 2785 debito

122 2832 208 2892 modo
229 2835 281 2891 aut
299 2851 357 2890 non
377 2833 543 2890 constanter
560 2834 590 2890 et
603 2833 819 2907 perseveranter
832 2829 1039 2906 implorarunt3
1063 2847 1079 2886 c

123 2932 277 3004 contrario,
294 2932 505 2991 animadvertes
519 2950 566 2990 eos
584 2931 649 2990 ideo
664 2931 813 3002 devicisse,
829 2930 898 3008 quia
916 2930 952 2988 ad
965 2929 995 2987 id
1010 2948 1077 2988 oon-

123 3036 234 3092 stanter
249 3053 340 3110 usque
354 3034 390 3092 ad
401 3032 594 3093 tentationem
609 3033 769 3093 edomatam
789 3032 846 3091 ista
863 3030 975 3090 auxilia
994 3029 1079 3090 enixe

121 3133 318 3212 postulabant.
360 3134 396 3192 In
411 3133 499 3192 tertia
513 3133 628 3190 demum
644 3133 732 3192 classe
755 3136 824 3191 sunt
838 3131 890 3209 qui
903 3131 995 3190 vitam
1011 3149 1077 3189 con-

122 3239 232 3296 stanter
242 3236 353 3312 justam
364 3239 467 3311 agunt.
501 3235 543 3293 Hi
553 3253 612 3312 prae
624 3235 727 3294 ceteris
736 3235 878 3306 omnibus,
892 3237 988 3310 etque
1000 3251 1079 3291 sano-

121 3337 215 3398 tiores'
228 3342 298 3399 sunt
315 3357 348 3397 eo
367 3325 515 3410 acriorem,
531 3336 614 3415 quasi
635 3355 751 3396 sensum
769 3336 923 3414 quemdam
943 3334 1080 3394 intimum

121 3439 253 3498 intusum
280 3439 390 3497 habent
415 3438 450 3496 de
480 3437 610 3496 absoluta
629 3436 799 3495 infirmitate
825 3438 939 3494 naturae
965 3437 1078 3506 nostra,

124 3539 213 3599 etiam
226 3537 320 3614 gratia
333 3537 478 3597 habituali
497 3541 599 3609 auctae,
621 3538 657 3596 ad
676 3555 776 3612 graves
790 3534 965 3594 tentationes
979 3551 1079 3610 super-

123 3641 221 3712 andas,
242 3641 304 3700 sine
318 3640 438 3702 auxiliis
452 3638 622 3700 actualibus.
658 3637 744 3708 ,Hinc
764 3637 811 3712 (ut
825 3635 918 3694 obiter
933 3635 982 3694 sed
1002 3635 1076 3694 bene
