2424 4300
550 384 606 454 De
623 383 752 455 Gratia.
977 389 1081 478 [orsa.
1097 415 1130 457 v.

367 699 423 780 §2
444 699 586 761 Probatur
606 702 757 762 Doctrina
777 702 922 764 CattoIioo.

170 889 217 948 27.
240 885 613 960 Proros1r10.Noopotoot
636 883 712 944 bomo
725 885 900 963 justificatas
922 887 956 945 io
983 891 1048 946 tota
1070 888 1130 947 rito

270 988 385 1061 peccota
398 982 518 1042 cabalio
531 985 629 1056 citare,
644 986 704 1043 sine
719 985 836 1062 speciali
844 985 1011 1062 privilegio.

207 1147 255 1205 28.
270 1143 444 1222 Argumenta
454 1163 487 1202 ca
499 1143 531 1203 S.
545 1143 705 1219 Scriptura.
745 1145 959 1204 Aaoomanronr
970 1146 997 1204 Ι.
1023 1153 1043 1179 “
1053 1147 1128 1223 Sep·

167 1243 222 1304 ties
235 1243 312 1304 enirn
323 1244 406 1304 cadet
422 1245 530 1322 justus,
554 1249 584 1304 et
603 1246 745 1321 resurget:
769 1243 852 1322 impii
872 1249 972 1304 autem
987 1253 1130 1306 corruent

166 1344 199 1404 in
220 1345 359 1406 malum.’'
400 1347 485 1406 Prov.
510 1345 593 1404 xxiv.
622 1350 666 1405 16.
707 1345 834 1412 Quidam
857 1365 958 1406 casnm
977 1346 1059 1424 justi
1079 1347 1129 1407 hic

166 1445 340 1522 intelligunt
353 1445 385 1505 in
398 1445 577 1506 calamitates
591 1449 620 1506 et
634 1444 844 1519 tribulationes,
858 1465 930 1524 quas
944 1446 1018 1506 forti
1028 1449 1128 1507 animo

166 1546 312 1624 patietur:
343 1546 391 1606 sed
414 1545 508 1606 multo
530 1545 709 1606 communior
733 1552 763 1606 et
781 1545 959 1623 probabilior
972 1551 1019 1607 est
1032 1547 1126 1608 inter-

166 1646 291 1725 pnetatio
305 1647 340 1707 de
353 1647 436 1725 lapsu
450 1648 481 1707 in
494 1651 654 1726 peceatum.
697 1649 727 1707 S.
744 1649 956 1720 Hraaonrrros,
979 1647 1012 1706 in
1026 1649 1126 1726 Epist.

169 1750 236 1820 122,
251 1747 288 1807 ad
308 1747 471 1822 Rusticum,
494 1768 524 1809 n.
548 1752 576 1819 3,
600 1747 718 1808 videtur
740 1747 928 1825 interpretari
942 1748 978 1808 de
991 1747 1081 1826 lapsu
1093 1749 1126 1808 in

166 1851 316 1926 peceatum
329 1868 426 1925 grave.
467 1850 524 1910 Sed
545 1850 623 1926 apud
643 1850 705 1909 fere
729 1869 828 1909 omnes
851 1849 923 1908 alios
946 1855 1067 1927 recepta
1080 1857 1125 1911 est

165 1947 367 2026 interpretatio
389 1950 425 2009 de
451 1954 569 2028 peccato
591 1949 667 2024 levi;
696 1969 764 2027 quae
783 1948 899 2010 omnino
918 1950 1047 2010 tenenda
1069 1956 1121 2010 est.

168 2047 209 2108 10.
232 2052 251 2080 ‘⁶
264 2047 400 2126 Septiea”
421 2049 478 2124 hic,
495 2048 570 2110 siout
590 2054 620 2109 et
640 2048 710 2109 alibi
723 2048 755 2108 in
769 2049 928 2127 Scriptura,
944 2048 1025 2108 idern
1039 2056 1124 2110 sonat
1209 2031 1210 2036 ἵ

165 2167 197 2208 ac
220 2148 389 2226 “sapius’'
430 2151 576 2224 Jamvero,
599 2149 654 2210 etsi
676 2153 738 2211 tam
759 2150 926 2228 frequenter
950 2150 1064 2210 mentio
1084 2152 1122 2211 sit

164 2250 308 2325 iustorum
321 2249 352 2310 in
367 2250 526 2329 Scriptura,
536 2270 680 2331 nusquam
694 2258 812 2311 vocetur
822 2252 923 2328 justus
936 2250 1119 2330 simpliciter,

165 2355 216 2410 aut
229 2351 318 2412 otiam
331 2369 398 2410 cum
411 2350 519 2423 addito,
534 2352 585 2429 qui
605 2350 712 2428 saepius
725 2351 756 2410 in
767 2354 885 2429 peecata
898 2351 1036 2410 mortalia
1049 2352 1121 2412 inei·

165 2438 224 2510 dit
259 2451 408 2518 Quomodo
430 2452 465 2512 de
486 2451 527 2512 sio
547 2451 693 2512 incidente
707 2451 764 2511 dici
778 2453 883 2528 posset,
899 2451 979 2528 quod
992 2451 1030 2510 do
1040 2452 1122 2530 justo

164 2555 273 2617 dieitur
293 2557 325 2616 in
347 2557 402 2617 hoc
424 2555 487 2635 ipso
510 2557 583 2616 libro
607 2557 744 2617 Proverb.
768 2555 810 2616 iv.
835 2554 1121 2616 18:—“Justorn1n

164 2660 276 2734 semita,
292 2659 376 2737 quasi
399 2659 453 2718 lux
477 2659 639 2737 splendens,
663 2657 794 2736 procedit
809 2661 839 2717 et
853 2657 956 2718 crescit
975 2659 1123 2736 usquead

164 2763 321 2840 perfectam
344 2761 420 2821 diem
431 2760 463 2818 ?'’
506 2761 549 2819 20.
581 2760 748 2838 Appellatio
766 2759 850 2837 justi,
877 2759 907 2817 vi
932 2759 1064 2831 termini,
1090 2760 1123 2820 in

164 2865 261 2920 mente
279 2865 310 2920 et
333 2880 381 2920 ore
404 2859 542 2931 omniurn,
565 2859 674 2936 ingerit
706 2859 802 2919 ideam
825 2858 974 2918 firmitatis
997 2863 1029 2918 et
1053 2880 1121 2918 con·

163 2961 289 3034 otentico,
306 2979 371 3038 quae
393 2960 465 3020 ideae
488 2961 650 3038 frequentis
671 2962 800 3038 relapsus
823 2979 939 3038 prorsus
961 2965 1119 3038 repugnat.

165 3059 205 3120 3⁰.
229 3063 264 3118 ln
277 3065 362 3118 textu
372 3061 471 3135 justus
485 3064 514 3119 et
528 3059 636 3136 impius
655 3061 711 3122 sibi
734 3060 858 3120 invicem
873 3063 1069 3137 opponuntur,
1085 3067 1121 3120 ut

163 3161 222 3220 duo
233 3165 381 3220 extrema:
399 3159 449 3218 sed
458 3159 525 3219 talis
535 3180 593 3219 non
602 3167 677 3222 esset
689 3160 831 3240 oppositio
845 3159 923 3220 inter
932 3180 1008 3238 saepe
1021 3162 1118 3240 relap-

164 3282 228 3322 sum
256 3260 437 3339 et-impium.
486 3262 588 3322 Manet
611 3282 678 3338 ergo
706 3282 807 3323 sensus
821 3263 925 3342 perus,
955 3264 1117 3323 secundum
1205 3325 1206 3328 ,

164 3383 250 3442 quem
260 3363 360 3441 justus
379 3364 546 3441 frequenter
565 3363 597 3422 in
618 3384 651 3424 ea
670 3365 775 3426 incidit
794 3368 920 3442 peccata,
936 3364 1044 3442 quibus
1058 3385 1118 3426 non
1205 3349 1206 3405 i

163 3462 310 3522 amittitur
320 3463 456 3540 justitia3
479 3467 509 3522 et
530 3484 547 3523 a
570 3463 685 3540 quibus,
709 3467 811 3542 utpote
825 3483 893 3524 vere
907 3467 936 3524 et
949 3468 1119 3526 constanter

163 3564 267 3638 justus,
281 3565 366 3625 toties
380 3571 526 3643 peractus
540 3565 719 3644 poenitentiae
733 3565 868 3643 resurgit.

204 3671 250 3728 29.
271 3667 538 3726 AnoonanronII.
562 3666 616 3726 “N
617 3666 686 3728 clito
700 3666 798 3745 plures
816 3665 880 3726 fieri
898 3665 1037 3745 magistri,
1054 3668 1113 3728 tra·
