2424 4300
72 341 175 388 msP.
197 324 277 408 vn]
328 325 383 388 De
401 323 521 389 Gratia
536 323 629 388 Med.
646 328 708 387 aut
720 322 932 409 Eleu—neg.
1013 343 1071 406 179

75 507 147 548 non
176 509 253 548 esse
278 489 523 568 circumstantiam
545 491 614 550 boni
637 494 737 562 actus;
760 490 830 568 quia
848 491 929 550 nullo
943 490 1026 548 modo
1040 489 1071 547 in

4 605 9 618 ·
76 588 182 648 illum
196 589 345 648 influit.''
369 589 493 659 Sunusz,
509 591 529 648 l.
550 589 574 661 l,
593 609 617 649 o.
635 595 662 662 6,
678 609 708 649 n.
727 595 773 650 13.

122 688 208 748 ⁴⁵70.
242 687 350 765 Obsco.
369 693 414 748 11.
439 688 471 746 Si
485 707 557 765 opus
571 689 688 761 bonum,
703 687 765 747 sinc
777 688 888 746 auxilio
910 687 1028 765 speciali
1042 693 1071 746 et

78 806 157 846 cum
186 787 262 846 solo
286 805 428 846 concursu
450 787 588 864 generali,
612 786 675 846 fieri
699 791 794 862 potest
809 811 817 858 ;
832 786 904 863 'ergo
918 787 1070 864 aequaliter

78 891 114 944 et
129 905 201 945 non
219 886 357 963 amplius
381 887 525 946 concurrit
547 887 627 945 Deus
649 887 685 945 ad
707 907 780 963 opus
803 888 911 946 bonurn
932 892 1019 963 atque
1033 887 1066 944 ad

81 1005 166 1064 opus
182 986 318 1045 malum.
361 987 418 1045 ned
431 987 485 1045 hoc
498 991 542 1046 est
555 987 670 1046 falsum.
774 994 779 1001 '

137 1085 221 1145 ⁴⁶71.
257 1088 344 1162 Reap,
368 1087 549 1164 Distinguo:
581 1086 733 1145 Concurrit
753 1085 906 1163 aequaliter
926 1105 1067 1144 concursu

85 1186 251 1264 physico:
278 1183 431 1248 Concedo:
454 1189 602 1248 Concursu
623 1187 742 1246 morali:
766 1187 856 1262 Nego.
900 1188 964 1244 “ln
985 1187 1067 1244 bonis

86 1286 218 1346 actibus
233 1307 291 1365 per
303 1287 388 1346 illum
403 1307 574 1348 concursum
595 1289 675 1346 Deus
696 1287 815 1362 attingit
828 1285 946 1363 physice
960 1287 1067 1344 bonum

89 1389 210 1460 actum,
242 1391 390 1464 quatenus
411 1389 574 1459 bonusest,
600 1387 631 1445 id
651 1398 704 1459 est,
721 1387 866 1446 efficiendo
881 1389 970 1462 ipsam
985 1387 1066 1443 boni-

90 1488 214 1546 tatem:
242 1488 277 1564 iu
298 1491 415 1562 peccato
441 1507 518 1556 vero,
546 1467 626 1544 licct‘
643 1486 748 1545 efficiat
769 1493 873 1558 actum,
902 1507 957 1544 non
980 1488 1067 1545 efficit

87 1585 251 1644 malitiam
277 1586 350 1663 ejus,
376 1605 439 1662 quae
466 1586 594 1662 privatio
615 1585 732 1644 moralis
746 1590 798 1644 ost.
840 1587 961 1658 Deinde,
978 1591 1022 1644 est
1036 1587 1067 1644 in

87 1687 203 1744 morali
218 1687 308 1745 modo
331 1687 512 1746 differentia:
535 1707 602 1744 narn
627 1692 724 1745 actum
747 1687 854 1744 bonum
879 1687 966 1744 efficit
986 1689 1066 1744 Deus

90 1781 284 1843 intendendo
308 1784 402 1857 illum,
427 1785 536 1843 malum
561 1784 876 1862 autempermittendo.
920 1785 1063 1861 Denique,

91 1888 139 1944 est
165 1887 263 1945 etiam
292 1887 444 1956 diversitas
468 1887 499 1944 in
521 1887 624 1944 morali
653 1886 842 1972 causalitate:
871 1906 939 1943 nam
967 1890 1063 1943 actum

92 1984 212 2044 bonum
226 1987 278 2045 vel
291 1986 433 2063 praecipit,
458 1986 504 2045 vel
531 1985 665 2058 consulit,
682 1985 730 2044 rel
749 1987 897 2062 approbat,
914 1985 1065 2044 ueletiam

94 2084 133 2142 ad
147 2085 242 2143 illum
257 2085 366 2144 excitat
382 2109 390 2158 ς
411 2085 521 2144 malum
545 2090 641 2144 autem
666 2085 793 2160 minime,
809 2087 859 2143 sed
879 2090 993 2143 tanturn
1007 2105 1064 2143 nou

94 2181 229 2262 impedit
250 2203 303 2245 neo
326 2189 414 2262 negat
437 2204 608 2244 concursum
632 2205 733 2242 suum:
757 2189 786 2243 ct
807 2185 872 2242 ideo
894 2184 1065 2261 simpliciter

95 2290 142 2342 est
171 2288 278 2345 auctor
305 2288 387 2344 actus
413 2285 490 2356 boni,
519 2304 577 2343 non
604 2284 705 2343 mali.’'
728 2285 847 2356 Suram,
871 2285 941 2343 ibid.
967 2305 989 2342 c.
1014 2289 1061 2357 22,

94 2400 127 2454 ¹n.
148 2387 174 2443 l.

138 2483 211 2544 Ἢ.
233 2483 279 2543 De
293 2487 409 2562 peccato
432 2483 464 2542 in
485 2484 606 2544 materia
625 2465 706 2558 gravi
725 2483 859 2554 infidelis,
876 2483 1060 2559 quiinrinci·

99 2581 202 2642 biliter
229 2583 346 2661 ignorat
382 2586 477 2645 Deum
510 2585 600 2662 (quod
628 2588 732 2643 vocant
758 2589 907 2660 peccatum
933 2585 1059 2660 philoso-

98 2682 248 2758 phicum),
277 2704 314 2743 an
336 2693 412 2744 essct
439 2691 588 2762 peccatum
616 2685 737 2742 mortale
764 2688 794 2741 et
822 2683 943 2758 dignum
969 2704 1061 2759 poena

100 2778 209 2841 inferni
224 2789 341 2858 aeterna,
365 2785 425 2843 vid.
449 2786 539 2858 Luco,
561 2785 597 2843 de
614 2785 760 2842 Incarnot.
784 2784 810 2840 d.
835 2789 863 2855 5,
889 2803 910 2841 a.
933 2789 951 2843 5
974 2787 1004 2842 et
1025 2790 1057 2855 6;

102 2879 210 2956 Gaorx,
227 2884 248 2941 l.
265 2889 292 2956 5,
307 2903 337 2942 n.
354 2889 401 2957 25,
418 2890 448 2943 et
461 2890 591 2943 auctores
605 2885 640 2942 ab
655 2883 714 2940 illis
728 2881 819 2940 citati.
836 2882 1002 2940 Communis
1016 2888 1060 2941 est

103 2983 249 3042 sententia
262 3003 389 3060 negans:
406 2984 484 3061 quia,
499 2984 553 3042 etsi
568 2987 719 3060 peccatum
729 2981 806 3039 illud
820 2981 858 3039 sit
872 3001 938 3040 vere
952 2981 1059 3039 offensa

103 3079 166 3152 Dei,
183 3101 243 3142 non
256 3087 300 3143 est
314 3088 411 3144 tamen
424 3083 552 3142 formalis
570 3083 620 3142 sed
643 3082 800 3142 materialis
820 3087 952 3141 tanturn:
974 3101 1057 3139 nemo

104 3179 180 3238 enim
194 3201 261 3240 cum
274 3182 436 3241 formaliter
449 3182 578 3255 offendit,
595 3201 680 3258 quem
701 3181 912 3240 invincibiliter
924 3181 1054 3255 ignorat:

104 3278 153 3336 sed
166 3299 225 3339 non
238 3286 283 3340 ast
295 3286 445 3359 peccatum
465 3281 587 3341 mortale
607 3286 637 3339 et
656 3282 852 3356 theologicum
873 3282 935 3338 eine
949 3281 1056 3338 offensa

106 3373 167 3451 Dei,
193 3381 226 3439 in
248 3401 307 3458 qua
331 3381 444 3440 malitia
464 3381 535 3459 ejun,
552 3381 760 3458 quodammodo
774 3380 898 3450 infinita,
914 3379 1053 3437 consistit.

110 3475 188 3536 Inter
202 3481 372 3540 recentiores
386 3482 421 3540 dc
434 3483 488 3540 hoc
497 3482 556 3539 vid.
568 3481 717 3552 Duousrrr,
730 3478 915 3554 Philosophia
925 3477 1053 3550 litoralis,

107 3591 134 3635 11.
156 3583 201 3653 39,
229 3583 279 3640 &c
322 3580 469 3647 Quomodo
491 3585 588 3641 autern
602 3583 664 3640 hoec
678 3579 807 3638 doctrina
824 3578 975 3636 coluerint
989 3597 1055 3636 cum
