2408 4304
180 350 245 434 406
533 338 590 408 De
605 337 742 408 Gratata
969 339 1065 428 [mer.
1080 363 1128 410 m.

224 515 269 576 17.
291 513 504 570 Aneurrmsrmr
516 508 561 568 ΙΙ.
581 509 630 566 Ex
642 508 724 581 locis,
746 507 912 586 inquibus
929 510 1010 570 bona
1021 517 1133 588 oprnat

179 612 243 673 vite
261 615 370 674 atoma
387 612 464 692 (sire
480 609 617 670 inchoata
628 608 678 668 hio
691 609 890 686 pergratiam
904 615 1030 670 auctam
1041 617 1133 670 etonr·
1176 667 1177 702 p

179 717 332 784 sesumam,
354 709 416 772 aira
429 706 789 786 consummatainooelis)
809 709 1003 770 exhibentur
1017 715 1136 772 utorua
1176 705 1177 726 ³

179 815 210 870 et
222 810 353 883 effectus,
365 809 523 876 secundum
536 825 719 868 communem
730 805 821 866 illum
835 808 922 884 apud
933 828 1041 870 omnes
1053 818 1138 887 gerite

179 910 298 970 modum
311 909 449 986 loquendi
460 912 532 968 r-“
544 908 570 966 si
581 905 630 966 ris
640 905 705 966 fleri
717 906 834 976 doctua,
851 907 962 968 studio
975 909 1139 970 incumbc:”

183 1007 263 1086 “qui
289 1009 385 1068 studio
411 1006 555 1067 incumbit
579 1006 636 1066 erit
661 1004 811 1065 dootua':”
844 1007 960 1084 “quia
988 1009 1066 1069 bena
1091 1029 1141 1068 ram
1177 1023 1178 1030 ’

179 1106 304 1184 gessisti,
323 1107 461 1168 honorem
481 1103 642 1166 habebis:”
673 1103 789 1164 “dives
812 1105 883 1178 eris,
911 1107 942 1165 si
971 1113 1057 1170 recta
1083 1111 1142 1168 sciis

178 1209 372 1266 mercaturam
393 1207 487 1266 iacere
507 1223 630 1282 eamque
642 1203 763 1264 iaciasJ?
805 1204 933 1270 Quibus
946 1207 1139 1268 looufionibu

179 1305 359 1382 significatur
372 1305 503 1368 studium
522 1324 580 1364 non
599 1303 693 1364 solium
712 1323 774 1364 esse
786 1305 1002 1368 conditionem
1017 1308 1136 1386 sincqu
1179 1320 1180 1376 1

178 1423 247 1478 uon,
272 1405 324 1465 sed
349 1403 478 1464 medium
504 1401 663 1481 positivum
686 1421 745 1482 quo
771 1409 970 1480 comparatur
999 1408 1135 1480 doctum

178 1503 317 1564 honorem
343 1503 406 1562 dari
432 1504 468 1562 ob
490 1521 552 1562 ram
577 1503 651 1561 bena
673 1505 794 1581 gestam,
823 1506 862 1564 ut
885 1523 1013 1566 oausam
1035 1507 1136 1568 honoris

178 1603 313 1682 dignam
342 1609 535 1665 mercaturam
561 1603 635 1664 bene
661 1603 769 1664 factem
795 1603 906 1666 ducere
935 1608 979 1667 ad
1009 1609 1134 1672 divitias:
1180 1592 1181 1632 1

178 1705 207 1764 d.
225 1708 271 1780 10,
286 1723 317 1765 n.
332 1709 360 1764 3.

220 1805 265 1868 18.
286 1805 341 1882 (a).
364 1809 382 1836 “
393 1801 426 1863 ei
439 1801 484 1862 vis
496 1801 533 1861 ad
545 1801 636 1860 vitam
649 1799 773 1877 ingredi,
793 1821 880 1884 serva
893 1807 1053 1868 mandata
1076 1855 1083 1869 .
1104 1849 1133 1869 ..
1181 1864 1182 1874 ,

178 1904 211 1965 Si
230 1903 276 1963 vis
296 1902 443 1980 perfectus
462 1920 532 1973 esse,
552 1901 634 1972 rode,
654 1901 748 1960 vende
767 1919 835 1978 quae
854 1902 954 1964 habea
975 1911 1011 1968 et
1024 1909 1062 1968 da
1073 1928 1133 1988 pau·

176 2002 303 2082 peribus,
332 2005 363 2062 et
388 2000 508 2060 habebis
533 2000 701 2060 thesaurum
726 1999 759 2058 in
785 1999 898 2060 coelo.’'
942 2005 1057 2069 Matth.
1076 2008 1132 2067 xix,

179 2104 226 2177 17,
249 2105 297 2162 21.

217 2203 273 2280 (b).
297 2201 418 2276 “Euge,
444 2218 524 2260 serve
547 2200 621 2260 bone
647 2203 678 2260 et
698 2197 816 2258 fidelia:
838 2202 910 2278 quia
934 2222 1031 2282 super
1051 2226 1133 2284 paura

176 2301 259 2362 fuisti
273 2299 379 2371 fidelis,
400 2318 488 2375 super
500 2298 595 2386 multa
608 2303 638 2358 te
651 2298 836 2372 constituam,
851 2299 935 2360 intra
948 2302 983 2361 iu
997 2306 1131 2381 gaudium

176 2398 295 2462 Domini
308 2395 382 2458 tui.''
423 2396 501 2456 Ibid.
517 2415 588 2458 xxv.
605 2401 675 2486 21..

216 2502 270 2580 (c).
294 2505 313 2532 “
326 2499 359 2559 si
375 2497 438 2558 haeo
456 2487 547 2570 eoitis,
569 2497 647 2558 beati
660 2497 742 2558 eritis
755 2497 780 2557 si
793 2498 923 2559 feceritis
937 2502 1007 2562 ea.'’
1050 2506 1129 2565 doen.

175 2599 241 2662 xri.
260 2579 320 2662 ιτ(
339 2596 424 2658 aaa
438 2595 518 2658 eam
531 2596 562 2656 in
576 2601 661 2670 tera,
676 2595 770 2674 gara
782 2597 884 2668 auca
904 2600 988 2660 aeae
1002 2602 1037 2662 in
1050 2605 1130 2665 aun

175 2701 202 2760 si
223 2700 256 2760 in
277 2718 310 2759 ea
332 2695 533 2776 permaneatis.
574 2698 664 2758 Noto.
686 2695 755 2756 Sole
773 2696 936 2772 beatitudo,
964 2720 1035 2778 quae
1059 2723 1128 2763 ms.

175 2799 291 2877 quanda
310 2796 342 2855 in
365 2794 516 2872 Scriptura
538 2815 556 2854 a
578 2795 639 2854 Deo
662 2795 888 2871 commandatur,
913 2802 960 2859 est
981 2802 1128 2862 beatitudo

173 2900 226 2960 illa
240 2894 474 2976 supernaturalis.

174 3011 186 3064 ιι
214 2998 272 3076 (d).
297 2997 434 3056 “Beatus
444 2993 490 3054 vir
500 2992 552 3072 qui
566 2994 669 3054 suffert
678 2993 885 3056 tentationem:
901 2998 1125 3078 qnoniam,ouu

172 3100 310 3176 probatus
329 3094 428 3168 fuerit,
454 3095 575 3172 accipiet
597 3114 732 3154 coronam
745 3089 823 3169 rite)
845 3116 936 3173 quam
960 3105 1124 3180 repromisit

171 3199 252 3260 Deus
266 3194 455 3274 diligentibus
470 3198 528 3255 se.”
568 3195 667 3254 Jacob.
682 3193 702 3254 i.
721 3198 766 3254 12.

213 3303 258 3360 19.
280 3297 309 3356 N
311 3295 378 3354 imis
391 3293 576 3353 manifestum
589 3296 635 3353 est
648 3292 749 3352 inillis
764 3292 897 3353 textibus
910 3295 1074 3374 significari
1082 3305 1121 3382 (a)

172 3396 374 3454 mandatorum
391 3391 606 3451 exsecutionem
623 3391 727 3452 ducem
740 3391 777 3450 ad
790 3391 890 3466 vitam,
904 3397 1035 3470 paudere
1049 3402 1120 3461 riam

171 3495 208 3554 ad
222 3514 285 3554 eam
295 3491 501 3572 assequendam
511 3511 519 3564 3
536 3490 665 3550 thesauri
675 3490 784 3551 terreni
794 3489 992 3556 dimissionem
1003 3500 1120 3580 ejusque

170 3595 347 3674 pauperibus
366 3591 567 3669 elargitionem
588 3591 693 3651 ducere
713 3593 749 3651 ad
769 3593 943 3653 thesaurum·
958 3599 1116 3676 coelestem,
