2410 4314
195 408 236 466 24
577 389 633 456 De
650 387 779 456 Grata
997 390 1101 475 [mse.
1118 414 1155 458 11.

191 557 335 619 Dominus
350 557 427 614 Deus
446 556 482 615 de
502 555 615 615 cunctis
638 554 837 615 animantibus
850 557 944 628 terroe,
960 558 990 615 et
1003 557 1156 618 universis

191 657 359 742 volatilibus
383 655 458 726 oooli,
487 655 612 714 adduxit
638 675 672 715 ea
699 656 735 714 ad
758 657 852 715 Adam
877 661 912 714 ut
935 655 1049 718 videret
1080 660 1156 736 quid

191 761 307 816 vocaret
337 774 393 814 eo:
428 774 512 814 omne
541 755 620 814 euim
658 756 735 832 quod
765 754 881 814 vooavit
915 755 1011 816 Adam
1044 758 1154 818 animm

190 855 326 928 virentis,
351 853 448 932 ipsum
476 859 520 913 ost
543 873 648 914 nomen
672 856 745 930 ejus.
797 854 1028 934 appellavitque
1053 859 1154 924 Adam

191 953 356 1014 nominibus
370 953 431 1014 suis
444 958 548 1012 cuneta
556 953 724 1026 animantia,
747 957 778 1013 et
788 954 924 1014 universa
938 955 1059 1016 volatile
1070 959 1151 1031 ooeli,

192 1069 222 1114 et
236 1073 334 1114 omues
346 1052 456 1114 bestias
470 1054 584 1114 terroe.'’
628 1059 648 1088 “
657 1055 705 1113 Ex
720 1073 778 1132 quo
792 1053 854 1112 loco
872 1075 969 1112 omnes
983 1055 1153 1116 scholastici

192 1154 343 1230 colligunt,
357 1152 493 1213 habuisse
512 1155 584 1214 tunc
604 1153 699 1212 Adam
718 1152 869 1214 scientium
887 1152 1074 1230 singulorum
1090 1158 1150 1216 ani·
1189 1145 1195 1248 l

194 1253 325 1326 analium,
347 1257 382 1312 ut
405 1251 610 1312 convenienter
632 1253 669 1312 ad
695 1256 831 1312 naturam
853 1252 1089 1332 uuiuscujusque
1111 1257 1151 1314 cis
1189 1253 1194 1271 “

192 1355 309 1414 nomina
322 1353 491 1432 imponeret.
533 1354 580 1414 Ita
591 1352 668 1412 enim
682 1351 803 1430 exponit
814 1352 986 1412 diotavcrba
999 1353 1150 1416 Eusebius

191 1519 199 1536 .
221 1501 230 1516 .
253 1499 260 1514 .
284 1499 291 1516 .
313 1453 390 1514 Nam
412 1453 490 1532 quod
512 1452 629 1524 dicitur,
654 1453 777 1531 ‘Ipsum
800 1456 845 1512 est
865 1473 970 1514 nomen
987 1453 1074 1532 ejus,'
1096 1475 1149 1515 ex-

192 1555 283 1635 ponit,
298 1555 352 1614 hoc
366 1558 418 1628 est,
434 1553 464 1613 in
479 1553 543 1632 ipsa
552 1559 666 1626 natura,
680 1573 731 1616 seu
744 1554 949 1615 convenienter
961 1555 996 1613 ad
1008 1559 1148 1616 naturam

191 1655 235 1715 rei
244 1654 411 1732 impositum
425 1658 478 1714 est.
521 1655 586 1714 Hoc
603 1658 701 1714 autern
722 1654 787 1714 fieri
808 1675 867 1714 non
890 1655 1012 1732 poterat,
1038 1655 1100 1714 nisi
1121 1663 1149 1716 et

192 1775 258 1815 cum
276 1755 404 1832 perfecta
418 1753 540 1812 scientia
554 1753 683 1830 ipsorum
699 1754 900 1827 animantium,
916 1760 945 1812 et
959 1774 1025 1813 cum
1039 1775 1148 1832 magna

192 1855 296 1933 peritia
309 1854 434 1931 alicujus
454 1853 573 1930 linguae,
586 1858 616 1913 et
629 1853 816 1932 proprietatis
836 1853 965 1913 omniurn
986 1855 1146 1915 verborum

192 1953 286 2032 ejue.’'
329 1955 536 2024 Salarama,
552 1973 581 2012 n.
598 1957 626 2014 2.
668 1953 753 2014 Unde
774 1954 802 2014 S.
817 1954 951 2025 Tronis,
971 1957 984 2012 1
1002 1973 1031 2032 p,
1048 1974 1077 2032 q.
1097 1961 1144 2026 94,

192 2075 218 2114 a.
235 2059 336 2112 3:-“
350 2054 443 2112 Adam
459 2052 543 2111 scivit
555 2059 675 2112 naturas
686 2053 816 2113 omnium
827 2052 1013 2125 animalium
1036 2058 1068 2115 et
1082 2055 1148 2134 pari

192 2153 302 2214 ratione
325 2151 429 2212 habuit
447 2151 576 2212 omnium
600 2153 725 2212 aliorum
750 2153 909 2214 scientibus
941 2200 949 2216 .
979 2198 987 2214 .
1021 2198 1028 2212 .
1059 2199 1066 2215 .
1100 2155 1147 2214 Sic

190 2253 345 2314 institutus
376 2256 420 2313 est
440 2271 458 2312 a
478 2252 550 2327 Deo,
574 2263 610 2312 ut
631 2253 751 2314 haberet
780 2253 911 2313 omnium
935 2251 1091 2312 scientiam
1115 2256 1146 2313 in

191 2353 299 2433 quibus
311 2354 398 2414 homo
418 2355 506 2413 natus
526 2355 571 2414 est
592 2352 708 2416 instrui.
750 2355 790 2414 Et
813 2354 875 2413 haec
898 2356 966 2412 sunt
982 2353 1081 2413 omnia
1094 2354 1146 2414 illa

191 2473 256 2534 quae
269 2452 437 2516 virtualiter
450 2452 584 2514 existunt
605 2452 638 2512 in
661 2453 763 2532 primis
784 2451 936 2531 principiis
948 2471 1001 2530 per
1014 2471 1045 2512 se
1056 2453 1147 2536 notis,

191 2573 382 2632 quaecumque
403 2551 514 2612 scilieet
535 2552 710 2613 naturaliter
727 2552 859 2612 homines
881 2569 1051 2630 cognoscere
1077 2573 1144 2630 pos-

190 2654 291 2714 aunt.”
334 2660 352 2688 ‘⁶
363 2652 437 2720 Quis
457 2652 573 2712 dubitet
587 2653 778 2725 Christianus,
794 2671 841 2712 eos
855 2651 907 2730 qui
920 2652 953 2710 iu
965 2653 1019 2711 hoc
1035 2655 1143 2726 seculo,

192 2799 223 2814 .,
247 2800 254 2814 .
277 2798 284 2814 .
305 2752 530 2830 ingeniosissimi
553 2757 694 2830 apparent
695 2795 821 2824 .....
844 2752 869 2811 ei
896 2752 977 2810 illius
1000 2749 1145 2834 [Adami]

191 2853 307 2930 ingenio
322 2856 533 2930 comparentur,
550 2851 656 2912 distare
666 2852 751 2928 longe
762 2851 985 2928 ampliusquam
995 2851 1147 2913 celeritate

192 2953 389 3015 avolucribus
411 2952 573 3012 testudines
596 2950 754 3012 distant?''
798 2951 826 3010 S.
848 2949 1049 3024 Auausmrrus,
1066 2953 1147 3029 Opus

192 3054 396 3132 imperfectum
416 3055 517 3114 eontra
529 3051 689 3124 lulianum,
705 3053 725 3111 l.
738 3057 765 3130 5,
782 3069 807 3111 c.
822 3054 847 3108 l.
888 3050 961 3109 Haec
974 3050 1010 3109 de
1024 3050 1149 3110 scientia
1191 3081 1192 3135 p

191 3152 380 3226 naturalium,
406 3153 442 3211 de
466 3150 587 3211 scientia
617 3170 685 3211 vero
717 3148 980 3228 supernaturalium
1011 3148 1149 3210 videatur

193 3255 315 3326 Susam,
341 3271 364 3312 c.
391 3255 436 3313 18.
488 3251 556 3310 Etsi
586 3255 709 3330 uterque
738 3269 842 3328 parens
870 3247 992 3310 scientia
1017 3249 1150 3324 pollebat

192 3352 309 3424 eximia,
333 3350 428 3411 minor
452 3355 550 3411 tamen
578 3351 638 3410 fuit
660 3350 692 3410 in
713 3350 794 3410 Eva:
826 3350 892 3408 “ob
914 3347 993 3425 quod
1015 3347 1148 3408 diabolus

191 3453 330 3514 fidentius
350 3451 442 3530 ipsam
467 3471 555 3530 quam
575 3451 720 3509 Adamum
743 3449 836 3527 primo
859 3452 972 3508 tentare
995 3467 1149 3525 aggressus
1189 3521 1190 3524 Ἴ

191 3554 259 3628 fuit,
275 3557 310 3612 ut
324 3553 375 3613 SS.
395 3553 496 3612 Patres
508 3549 713 3610 annotarunt.”
756 3549 955 3619 Hnn1nox,n.
971 3549 1020 3611 79.
1189 3531 1190 3554 l

233 3660 280 3714 26.
303 3655 396 3715 Istam
427 3651 580 3713 scientiam
601 3652 636 3711 ab
660 3655 725 3710 ortu
754 3648 881 3709 infusam
912 3644 1018 3708 habuit
1040 3646 1146 3722 Adam,

1189 3745 1190 3801 l
