2430 4304
184 417 240 478 192
547 392 602 456 De
620 391 751 457 Gratia.
951 394 1052 477 [arsa.
1075 417 1138 460 vn.

178 563 331 622 intentum.
376 561 443 618 Nou
467 563 565 620 autem
592 559 647 618 hoc
671 559 719 616 sed
744 559 834 618 altero
860 579 947 619 sensu
971 561 1067 636 gratia
1087 561 1141 620 hic

180 668 299 722 vocatur
314 660 433 719 efficax:
457 659 550 736 gratia
565 679 632 734 ergo
646 659 747 718 efficax
763 679 797 718 ea
811 663 855 718 est
868 679 933 737 quae
948 661 1143 738 consequitur

182 763 318 822 effectum
338 761 430 818 aDeo
451 759 611 830 intentum,
637 779 688 818 seu
710 758 758 817 eui
778 760 864 817 homo
885 766 951 818 actu
972 761 1059 820 cedit.
1101 763 1144 820 In

181 863 235 920 hac
256 859 423 918 definitione
443 859 580 934 generali,
604 877 669 934 quae
684 863 728 916 est
742 859 874 916 definitio
888 860 1024 931 nominis,
1040 880 1146 920 omnes

182 961 376 1020 conveniunt:
401 959 450 1016 sed
467 957 543 1016 eirca
560 957 591 1015 id
608 959 686 1015 uude
703 959 765 1016 haec
779 961 873 1032 gratia
888 960 1042 1018 efficaciam
1057 981 1145 1019 suam

182 1064 279 1134 habet,
294 1080 345 1120 seu
359 1060 432 1119 circa
448 1057 645 1117 definitionem
660 1059 711 1126 rei,
727 1079 840 1134 magna,
852 1069 887 1117 nt
900 1060 977 1117 infra
990 1061 1145 1119 videbitur

185 1163 227 1241 (d.
245 1163 287 1238 8).
312 1160 415 1220 existit
441 1159 644 1218 controversia.
691 1159 735 1216 La
759 1159 858 1230 Fossa,
887 1160 922 1218 de
949 1160 1021 1229 Dec,
1050 1181 1080 1238 q.
1112 1167 1141 1233 5,

186 1263 243 1330 αδ,
262 1257 277 1336 §
295 1262 320 1317 l.

227 1361 253 1417 3.
276 1357 317 1417 2⁰.
341 1356 492 1414 “Constat
512 1361 609 1413 antem
630 1373 744 1413 causam
764 1354 805 1414 sic
819 1355 960 1414 efficacem
974 1375 1036 1414 esse
1051 1357 1143 1415 etiam

187 1458 394 1530 sufficientem
422 1454 492 1531 quia
518 1474 577 1512 non
599 1457 822 1530 consequeretur
846 1455 992 1526 effectum,
1022 1455 1080 1513 nisi
1105 1458 1144 1514 ad

187 1561 260 1620 illud
285 1563 359 1618 essct
383 1556 544 1626 sufficiens3
567 1556 665 1632 sicque
689 1555 766 1614 dixit
789 1558 826 1616 D.
848 1557 938 1615 Paulo
951 1563 1011 1615 :-—‘
1028 1558 1145 1616 Sufficit

187 1661 241 1720 tibi
261 1660 355 1736 gratia
382 1677 468 1715 msa:
497 1675 565 1714 nam
589 1657 682 1714 virtus
710 1658 740 1714 in
762 1656 931 1716 infirmitate
959 1658 1115 1734 perficitur
1126 1659 1143 1717 :'

186 1767 204 1822 2
226 1761 289 1822 Gor.
310 1759 362 1818 xii.
379 1763 404 1816 9.
446 1757 546 1816 Gratia
569 1756 647 1815 enim
668 1757 721 1815 illa
743 1777 807 1833 quae
833 1758 956 1816 dabatur
984 1759 1077 1817 Paulo
1104 1760 1143 1817 ad

186 1861 338 1920 stimulum
353 1858 447 1917 carnis
468 1858 672 1934 superandum,
693 1862 723 1916 et
737 1860 774 1916 ad
788 1859 997 1935 proficiendum
1012 1861 1043 1917 in
1057 1859 1142 1918 infir-

186 1961 296 2032 mitats,
318 1959 419 2018 efficax
439 1957 567 2034 profecto
588 1960 658 2030 erat,
682 1961 711 2016 et
729 1958 865 2018 effectum
880 1960 1142 2036 consequebatur3

187 2074 217 2119 ct
238 2059 426 2117 nihilominus
448 2057 550 2115 morito
572 2055 682 2115 dicitur
711 2057 856 2117 sufficiens
881 2063 981 2117 contra
1005 2059 1142 2118 adversa-

187 2163 293 2223 1·iu1n.''
329 2164 449 2234 Saarna,
468 2164 484 2220 l.
501 2167 527 2234 4,
543 2181 566 2220 c.
585 2165 610 2232 1,
626 2181 655 2220 n.
671 2167 699 2222 3.

228 2268 255 2323 4.
278 2263 318 2323 30.
340 2265 388 2320 Ex
400 2281 453 2320 asu
468 2281 534 2319 vero
548 2261 720 2332 scholarum,
737 2261 925 2337 pergratiam
940 2262 1141 2334 sufficientem,

187 2385 238 2443 per
252 2384 281 2424 so
295 2368 324 2424 et
338 2365 399 2422 sino
416 2362 514 2421 addito
537 2362 577 2421 sic
598 2363 782 2438 appellatam,
806 2367 836 2423 et
856 2365 1017 2440 praesertim
1032 2371 1068 2423 ut
1081 2365 1142 2424 dis-

187 2463 333 2541 tinguitur
347 2484 364 2523 a
376 2463 469 2540 gratia
488 2462 603 2536 efficaci,
627 2482 739 2539 semper
758 2463 940 2538 significatur
958 2464 1052 2538 gratia
1065 2464 1141 2524 inef·

188 2566 273 2635 ficas,
295 2585 345 2624 seu
365 2563 459 2642 gratia
472 2580 547 2639 quae,
572 2563 627 2621 etsi
648 2563 680 2619 in
699 2566 766 2621 actu
785 2563 878 2639 primo
900 2564 1010 2636 efficax,
1027 2564 1059 2622 in
1073 2568 1141 2622 actu

189 2666 313 2726 secundo
326 2685 384 2723 non
399 2669 443 2724 est
457 2664 567 2735 efficax,
584 2683 635 2723 seu
649 2683 707 2721 non
722 2664 841 2723 sortitur
857 2664 1001 2723 effectum.
1039 2665 1077 2722 In
1086 2665 1142 2724 hac

189 2786 305 2844 quoque
320 2765 488 2824 definitione
508 2764 637 2840 generali
657 2783 755 2822 omues
776 2764 973 2825 conveniunt:
998 2765 1142 2824 undenam

189 2886 257 2925 vero
270 2866 333 2924 haec
346 2863 503 2922 inefficacia
516 2862 668 2940 proveniat
682 2883 854 2940 magnopere
869 2865 1044 2942 disputatur.
1085 2866 1143 2924 Per

190 2964 313 3041 gratiam
326 2983 393 3040 ergo
409 2962 597 3022 sufficientem
618 2983 730 3040 semper
750 2963 934 3040 significatur
955 2965 1051 3040 gratia
1072 2986 1142 3026 merc

191 3065 345 3124 sufficiens.

232 3170 259 3224 5.
281 3164 323 3224 4⁰.
344 3161 444 3224 Gratia
458 3162 609 3236 sufficiens,
634 3163 692 3224 etsi
709 3184 767 3224 uon
788 3169 985 3244 consequatur
998 3167 1141 3236 effectum,
1212 3165 1213 3186 ¹

192 3263 335 3324 sufficiens
345 3265 390 3324 est
400 3267 497 3322 tamen
507 3283 563 3322 non
577 3263 669 3322 solum
679 3268 713 3324 ut
722 3283 784 3324 eam
794 3265 937 3343 recipiens
945 3267 1038 3343 poerit
1051 3287 1143 3343 agere,

192 3365 242 3424 sed
259 3361 405 3423 sufficiens
428 3365 472 3423 est
490 3367 525 3424 ut
545 3368 633 3440 apat:
654 3367 717 3422 tum
735 3365 805 3442 quia
825 3366 958 3444 alioquin
976 3365 1144 3443 simpliciter

191 3463 367 3524 insufficiens
380 3467 455 3524 esset
469 3487 478 3537 3
501 3465 592 3524 “tum
606 3463 695 3523 ctiam
705 3465 774 3542 quia
787 3466 846 3526 tale
861 3465 1006 3524 auxilium
1020 3485 1058 3524 ox
1073 3486 1103 3526 se
1116 3470 1143 3525 et
1212 3487 1213 3544 j

193 3564 353 3624 intentione
374 3564 430 3623 Dei
450 3564 536 3622 datur
555 3562 676 3634 homiui,
701 3583 758 3622 non
781 3568 898 3624 tautum
921 3570 956 3624 ut
977 3564 1070 3641 possit
1096 3564 1142 3624 sed

196 3662 284 3722 etiam
298 3667 334 3721 ut
346 3662 433 3724 saciat
448 3686 456 3734 ;
477 3663 558 3721 nulla
573 3663 649 3720 euim
669 3667 795 3740 potestas
816 3665 903 3724 datur
920 3667 1038 3744 propter
1052 3684 1083 3726 se
1097 3663 1142 3724 sed
1212 3727 1213 3739 χ
