2402 4292
97 399 190 446 mer.
206 377 254 467 x.]
323 378 379 443 De
393 375 676 464 Deiposz'tzom‘bus
689 375 737 440 ad
752 375 901 466 Justzfic.
993 385 1055 465 3⁶5

97 549 204 608 autem
217 545 323 625 aliquis
343 566 381 605 ex
404 544 487 605 vobis
504 543 581 604 illis:
604 544 649 602 Ite
672 542 705 603 in
724 563 803 622 paee,
820 545 1015 607 calefacimini
1028 551 1059 608 et

96 648 286 719 saturamini,
304 666 364 706 non
384 645 523 706 dederitis
545 647 644 704 autem
666 644 707 705 eie
730 663 796 724 quoe
811 649 973 708 necessarie
987 651 1057 709 eunt

95 747 222 825 corpori,
239 747 309 824 quid
322 743 476 824 proderit?
516 743 564 805 Sio
585 749 615 804 et
630 744 709 816 fides,
722 745 748 804 ei
760 764 818 805 non
837 744 945 807 habent
959 767 1054 825 opere,

94 851 216 907 mortue
229 846 318 906 estin
335 844 518 922 semetipso.”
562 846 752 921 comparatur
772 845 844 906 fides
868 847 905 906 de
926 867 986 926 qno
1006 848 1056 909 hio

93 967 169 1008 oum
189 945 379 1008 beneficentia
399 945 442 1004 ibi
460 943 613 1022 deeoripte.
655 944 714 1004 Sed
736 944 793 1005 inte
807 946 997 1008 benefioontie
1010 953 1056 1011 eet
1101 929 1105 934 ⁵

94 1048 180 1108 fiete.
220 1049 307 1120 Iden,
323 1065 352 1122 p.
367 1050 434 1106 142.

141 1155 190 1211 53.
211 1151 295 1224 Roep.
315 1147 491 1224 Distingno:
520 1145 717 1205 Bonefioentio
736 1145 794 1206 into
815 1145 923 1207 sterilis
946 1151 991 1209 eet
1022 1154 1053 1212 et

93 1250 238 1310 inutilis:
269 1249 408 1321 Concedo,
433 1252 463 1306 et
486 1246 539 1305 sub
562 1247 616 1306 hoe
638 1249 779 1324 oonoeptu
800 1250 974 1325 oomperetio
995 1248 1052 1309 fit:

91 1351 182 1411 Fioto
194 1353 256 1410 est:
273 1350 363 1425 Nego,
378 1347 436 1406 nini
451 1349 546 1406 forsan
558 1363 645 1405 sensu
659 1364 692 1404 eo
705 1345 765 1404 leto
779 1349 809 1406 et
821 1347 980 1426 improprio
994 1367 1052 1426 quo

95 1450 195 1510 omnis
210 1452 305 1508 metue
322 1449 354 1508 in
378 1467 408 1507 so
426 1448 528 1522 bonus,
545 1447 569 1505 ei
584 1450 682 1505 temen
701 1445 778 1506 nihss
791 1447 906 1522 efficiet,
927 1447 1056 1509 fiotueet

95 1551 191 1610 falsus
205 1551 301 1609 vooori
315 1552 424 1626 potest.

139 1655 188 1709 54.
217 1651 342 1727 Uryotur
356 1654 383 1708 3.
406 1647 598 1724 comparetur
620 1647 683 1706 haeo
706 1646 778 1706 fides
796 1665 862 1706 oum
876 1645 934 1706 fide
949 1647 1055 1708 daemo·

94 1753 334 1821 num,vers.19.
377 1748 433 1808 Sed
456 1748 529 1806 fides
552 1747 716 1806 doemonum
736 1766 795 1806 non
814 1750 857 1806 est
878 1765 947 1807 vere
969 1747 1051 1808 fides.

94 1851 184 1922 Idem,
200 1849 269 1908 ibid.
285 1859 315 1907 et
329 1847 468 1907 Calvinus
481 1848 518 1906 ab
532 1847 697 1906 auctoribus
711 1847 827 1907 oitntue.

139 1953 187 2007 55.
209 1949 292 2023 Reop.
315 1947 355 2006 10.
374 1945 531 2022 Distinguo
552 1946 778 2024 propositionem
799 1946 943 2024 primam:
965 1945 1049 2007 Gom·

94 2052 216 2125 paretnr
237 2051 271 2106 ut
288 2047 395 2106 sterilis
419 2065 485 2106 oum
507 2047 617 2106 sterili:
648 2048 796 2108 Concedo:
829 2047 871 2107 Ut
891 2047 961 2108 fiete
983 2065 1050 2106 enm

94 2149 185 2208 ficta:
200 2149 292 2225 Nego,
308 2167 344 2206 ex
353 2149 414 2223 jem
425 2146 576 2226 dioendie„
605 2153 645 2206 2⁰.
660 2147 817 2224 Distinguo
825 2147 1049 2226 propositionem

96 2248 219 2307 alteram
233 2266 241 2307 τ
261 2247 348 2307 Fides
362 2247 525 2307 doemonum
539 2266 599 2306 non
612 2251 657 2308 eet
670 2267 739 2308 vere
753 2247 833 2321 tides,
848 2248 869 2308 i.
881 2267 911 2309 e.
924 2267 984 2307 non
1003 2252 1048 2308 eet

94 2367 166 2407 vere
178 2349 271 2418 virtus
283 2349 362 2421 fidei,
376 2367 414 2408 ex
426 2348 521 2426 gretia
534 2352 564 2407 et
577 2349 729 2410 saluteris:
751 2349 901 2410 Gonoedo:
923 2350 992 2408 Non
1005 2353 1049 2408 eet

95 2469 166 2510 vene
178 2451 259 2524 fides,
275 2451 296 2511 i.
309 2470 332 2510 e.
347 2469 435 2510 venue
450 2468 594 2523 aseensus,
616 2470 675 2528 quo
695 2451 839 2511 doemones
853 2470 891 2510 ex
903 2450 1050 2511 evidentia

94 2552 219 2612 eredunt
241 2552 319 2629 quod
341 2571 394 2611 noe
414 2551 540 2611 viatores
558 2570 596 2611 ox
621 2551 793 2614 auotoriteto
809 2551 866 2612 Dei
890 2551 1049 2613 revelantis

95 2652 248 2724 oredimus,
272 2653 322 2712 sed
341 2652 422 2712 fiotio
443 2670 601 2724 eeeeneue3
621 2651 665 2712 ite
688 2660 723 2714 ut
744 2653 888 2713 doemonee
906 2670 966 2712 nen
980 2669 1048 2712 vene

95 2753 223 2826 credant,
239 2753 289 2814 sed
302 2753 416 2829 tingant
429 2752 563 2812 eredere:
586 2753 679 2830 Nego.

171 3034 197 3115 ,ξ
210 3041 238 3098 5.
263 3035 418 3097 Solvuntur
434 3035 604 3113 Objeotionee
617 3041 713 3098 eontra
726 3037 958 3114 Propositiomm.

134 3244 181 3300 56.
207 3239 307 3318 Οᾷεεέ.
329 3241 358 3299 4.
380 3238 419 3298 In
432 3238 520 3298 variis
534 3239 605 3300 looio
618 3241 648 3302 S.
665 3239 831 3318 Seripturoe,
843 3239 913 3300 fidei
927 3242 1045 3318 oooepte

93 3341 217 3401 refertur
226 3342 239 3419 j
243 3339 398 3400 uetifioetio
411 3341 579 3418 peccatorio,
592 3342 674 3402 nulle
688 3342 746 3403 alie
758 3341 923 3402 conditione
935 3359 1044 3400 memo-

93 3444 164 3500 rato.
208 3441 432 3500 “Fideetuete
446 3440 670 3502 solvemfeoit.”
711 3443 784 3503 Luo.
798 3442 849 3502 vii.
864 3446 912 3500 50.
956 3441 1045 3508 “Qui
1137 3498 1141 3505 .

95 3539 185 3600 eredit
208 3540 239 3600 in
261 3540 372 3600 Filium
394 3540 484 3600 habet
502 3540 594 3602 vitem
620 3541 787 3604 aetennem.”
828 3543 911 3602 Joen.
931 3539 975 3602 iii.
993 3544 1041 3602 36.

96 3639 247 3702 “iustitie
266 3644 363 3700 eutem
383 3638 440 3698 Dei
458 3658 510 3717 per
529 3641 616 3702 fidem
635 3643 707 3704 Jesu
721 3641 831 3704 Christi
850 3641 882 3702 in
898 3659 997 3702 omnes
1010 3643 1042 3704 et
