2408 4304
63 404 253 492 msr.x11.]
452 401 657 472 DaMarr'ta
964 427 1027 492 413

63 578 281 651 αποληψονται
302 593 368 644 axso,
384 567 465 647 ὂμεν
484 594 549 629 rous
571 574 731 645 orsqlovova
752 595 798 648 τηε
824 574 969 648 ὑπομονηε
985 597 1030 634 και

65 697 121 751 της
138 695 293 749 eapropter,
310 669 324 726 ἦ
344 675 374 728 δε
392 695 440 728 ras
461 677 595 730 solarere
608 695 654 730 rar
668 696 715 730 ras
730 695 863 748 resumptas
877 695 924 750 της
939 697 1028 751 rosq-

63 795 143 847 μιαν.
188 776 207 806 “
217 771 313 832 Ambo
334 769 447 851 [justus
468 773 498 831 et
520 768 683 851 improbus]
703 770 846 848 siquidem
859 790 911 849 pro
932 772 1030 848 digni·

64 875 135 934 tate
150 868 286 952 [merito]
301 868 442 949 recipient
461 869 524 930 illic
540 869 588 951 [in
602 871 700 932 seculo
713 868 839 952 futuro}
854 871 902 931 hic
913 873 1031 949 quidem

65 993 192 1034 coronas
211 971 361 1051 patientia
382 971 616 1052 tolerantiaque,
640 971 692 1032 ille
712 991 781 1032 vero
802 972 946 1050 supplicia
959 993 1026 1050 poa-

64 1091 182 1152 nasqua
193 1071 418 1152 improbitatis.”
443 1071 473 1133 S.
484 1072 503 1133 J
504 1090 570 1133 oss.
588 1071 747 1134 Gnarsosr.
761 1072 878 1134 4Hom.
891 1072 923 1133 in
937 1073 1028 1136 Lam·

69 1194 151 1248 rum,
167 1193 199 1236 n.
214 1177 243 1235 2.

113 1280 163 1336 43.
188 1274 326 1335 “Videas
349 1272 427 1334 enim
449 1271 481 1332 in
503 1272 634 1334 Ecclesia
653 1272 885 1350 imperitissimos
898 1293 1030 1353 quosque

68 1377 192 1437 florere.
206 1420 212 1436 .
226 1420 232 1436 .
246 1419 252 1436 .
266 1374 307 1434 llt
327 1393 343 1434 e
364 1372 508 1434 contrario
529 1373 676 1434 eruditum
690 1373 788 1432 virum
811 1373 901 1435 latere
925 1375 957 1434 in
978 1378 1027 1437 ob·

69 1495 166 1548 sauro,
187 1473 399 1553 persecutiones
412 1472 486 1552 pati.
499 1519 506 1535 .
520 1519 526 1535 .
540 1472 625 1535 .Haeo
636 1473 824 1548 autemfiunt,
839 1474 908 1548 quia
917 1474 1027 1536 incerto

70 1579 154 1635 statu
174 1573 309 1634 feruntur
330 1573 435 1647 omnia,
459 1578 490 1633 et
510 1593 569 1634 non
591 1578 635 1633 est
657 1573 690 1632 in
712 1575 850 1651 praesenti
873 1577 1026 1636 retributio

68 1671 250 1744 meritorum,
266 1670 359 1731 sedin
373 1669 505 1731 futuro.’'
527 1670 557 1730 S.
571 1671 702 1732 Hrnson.
718 1671 750 1730 in
765 1671 965 1746 Ecclesiastem
981 1674 1024 1740 ix.

113 1776 161 1840 44.
186 1771 285 1831 “Post
298 1771 409 1831 obitum
420 1770 582 1848 utriusque,
592 1791 702 1849 pauper
712 1771 769 1832 erit
781 1772 812 1832 in
824 1773 890 1833 sinu
899 1774 1025 1834 Abrahae

70 1871 203 1950 requiem
224 1871 342 1945 habens,
366 1869 448 1930 dives
468 1870 501 1930 in
523 1871 684 1950 suppliciis.
725 1872 829 1932 Nonne
850 1872 970 1935 evidens
983 1880 1027 1932 est

71 1977 245 2038 meritorum
255 1979 306 2036 aut
319 1975 439 2054 praemia
452 1979 504 2036 aut
512 1975 655 2054 supplicia
662 1979 728 2055 post
737 1983 858 2037 mortem
867 1995 983 2036 manere
993 1975 1025 2036 ?’'

73 2079 105 2139 S.
121 2080 299 2148 Ausnosrus,
317 2076 352 2135 de
367 2075 483 2147 Officiis,
501 2076 521 2149 1,
541 2080 571 2135 ls
586 2097 608 2138 c.
627 2081 672 2138 15.

115 2184 163 2238 45.
181 2181 267 2234 Αυτοι
279 2175 388 2257 [siquos]
398 2200 452 2251 μεν
463 2181 547 2250 θειων
557 2199 706 2254 αναμεστοι
719 2201 916 2254 χαρισματων,
929 2195 1028 2234 rrovocs

74 2303 122 2336 και
136 2281 252 2352 ἰδρωσιν
267 2275 382 2334 &borres
396 2300 427 2333 το
449 2281 552 2352 δωρον,
568 2301 614 2333 και
626 2281 671 2334 δια
683 2301 793 2356 μυριων
814 2277 889 2335 ὅσων
904 2301 1025 2353 aquwv

76 2384 238 2439 absume.
282 2379 377 2458 “Ipsi
398 2377 522 2460 [sancti]
543 2399 644 2438 revera
663 2379 771 2438 divinis
785 2381 863 2456 pleni
878 2387 946 2440 sunt
959 2383 1026 2440 oha-

75 2477 211 2550 rismatis,
237 2476 440 2554 laboribusque
460 2494 493 2534 ao
507 2475 660 2534 sudoribus
683 2475 738 2534 hoc
760 2477 870 2535 donum
894 2497 1027 2555 percepe-

75 2581 154 2651 runt,
179 2577 352 2654 infinitaque
372 2575 530 2636 certamina
550 2575 786 2652 percurrerunt.''
828 2577 859 2637 S.
873 2575 1028 2655 :Cumanus

76 2677 219 2738 Alexand.
232 2677 268 2736 da
282 2675 457 2736 Adorationa
471 2675 503 2734 in
517 2675 640 2753 Spiritu,
655 2675 676 2735 1.
690 2680 708 2734 4
723 2675 806 2753 (tom.
823 2681 848 2747 1,
863 2696 892 2754 p.
908 2679 963 2738 117
967 2676 989 2754 ).

117 2782 162 2838 46.
185 2778 306 2836 “Tanta
326 2779 371 2836 est
393 2795 463 2851 erga
483 2795 581 2836 omnes
612 2776 743 2835 homines
756 2775 880 2854 ‘qbonitaa
903 2776 968 2849 Dei,
994 2781 1029 2837 ut

77 2881 173 2938 nostra
186 2877 258 2936 velit
271 2895 332 2936 esse
345 2875 457 2947 merita,
473 2895 536 2954 quae
558 2880 628 2934 sunt
650 2875 743 2953 ipsius
763 2876 853 2950 dona;
875 2880 905 2936 et
918 2895 969 2954 pro
983 2877 1029 2936 his

77 2997 142 3057 quae
155 2977 281 3054 largitus
294 2982 346 3048 est,
362 2981 471 3036 aeterna
492 2975 613 3052 praemia
627 2974 666 3034 sit
681 2976 868 3035 donaturus.”
891 2977 922 3037 S.
938 2978 1029 3036 Pros-

77 3098 139 3151 rss,
155 3078 242 3138 Liber
255 3080 287 3137 in
301 3097 358 3155 quo
368 3077 557 3155 proferuntur
565 3075 749 3134 auctoritates
765 3078 814 3135 &c
827 3095 852 3136 c.
868 3079 885 3134 9
901 3077 952 3154 (al.
971 3077 1028 3154 12).

78 3178 218 3240 Similiter
232 3178 260 3237 S.
270 3179 397 3237 Auausr.
409 3176 504 3254 Epist.
518 3180 582 3247 194,
594 3195 623 3236 n.
643 3179 697 3249 193
719 3175 845 3236 confess.
861 3176 882 3236 l.
897 3181 924 3248 9,
941 3195 965 3237 c.
981 3179 1026 3248 13,

78 3300 107 3340 n.
122 3284 177 3352 343
198 3282 228 3338 et
240 3277 311 3337 alibi
325 3277 439 3356 saepius.

116 3380 163 3440 47.
187 3384 206 3413 ‘⁴
214 3378 260 3438 De
281 3377 461 3456 quibuslibet
480 3376 660 3451 substantiis,
686 3395 810 3454 quarum
833 3375 938 3454 utique
964 3395 1024 3436 non

78 3499 134 3540 una
146 3498 280 3540 mansura
293 3482 346 3551 est,
360 3481 455 3557 potest
468 3496 528 3537 esse
540 3495 593 3554 par
605 3476 750 3549 meritum,
764 3476 789 3534 si
802 3475 880 3536 inter
894 3476 1022 3536 diversas

74 3579 280 3640 conferentium
293 3578 472 3658 quantitates
491 3596 550 3636 non
569 3576 608 3636 sit
627 3576 722 3636 minor
741 3577 915 3654 cujusquam
930 3577 1023 3653 pietas
1058 3601 1063 3607 ¹

76 3698 160 3766 quam
173 3677 309 3740 facultas.
322 3725 329 3741 .
341 3723 349 3742 .
361 3679 414 3748 ,In
426 3679 472 3739 die
485 3676 685 3744 retributionis
705 3694 764 3742 non
783 3676 886 3736 modus
905 3676 1024 3764 judica-
