2430 4304
169 412 231 474 214
534 387 590 454 De
614 387 746 455 Gratia.
944 393 1046 477 [urse.
1062 417 1126 461 vu.

166 557 362 618 nffiixerunt.‘’
415 555 556 617 similiter
581 571 675 616 xxxv.
701 561 738 627 8;
769 555 822 616 lvi.
847 561 882 628 23
911 557 955 618 lx.
981 564 1019 632 53
1054 562 1127 622 Issi.

168 656 255 718 xxxi.
271 663 307 730 55
328 659 377 717 66.

206 757 254 812 66.
270 752 329 812 Sed
350 751 382 810 in
405 749 488 810 nulle
511 749 569 810 elio
596 751 658 810 1666
685 752 852 829 Scripturoe,
872 755 926 814 hee
941 759 1127 836 metaphoris,

166 852 237 912 edeo
250 852 326 912 nlsre
340 855 370 910 et
386 850 583 928 significanter
605 870 684 908 amor
707 852 763 910 Dei
787 871 856 928 erge
874 855 1018 930 populum
1037 877 1128 918 suum

165 949 342 1030 depingitur,
358 950 437 1010 utin
451 953 537 1010 textu
557 951 701 1022 Matthaei,
727 970 785 1010 non
799 971 879 1010 amer
892 952 944 1012 ille
968 955 1083 1016 sterilis
1097 963 1128 1016 66

165 1071 238 1130 pure
251 1050 413 1124 sffeotivns,
429 1050 479 1110 ssd
492 1049 524 1108 in
537 1069 569 1108 se
581 1049 668 1110 vslde
688 1050 842 1110 effeetivus
855 1054 885 1110 et
898 1053 1008 1125 velens,
1026 1060 1058 1114 et
1072 1057 1127 1133 qui

164 1151 252 1212 finem
265 1169 360 1224 suum,
381 1149 439 1209 nisi
452 1149 612 1208 obstitisset
633 1149 769 1208 veluntas
789 1149 880 1210 libere
901 1151 1041 1224 renitens,
1064 1175 1127 1215 eer-

165 1251 278 1312 tissimo
301 1253 448 1310 sssseutus
468 1248 580 1309 fuisset.
624 1249 665 1308 10.
687 1249 771 1307 Inter
790 1268 889 1308 omnes
910 1269 978 1310 sves
991 1252 1053 1312 slis
1067 1273 1127 1315 non

166 1355 211 1410 est
223 1367 289 1428 quse
298 1351 379 1410 tento
399 1351 430 1409 66
451 1351 511 1406 tem
533 1347 644 1408 valenti
667 1348 774 1408 affeetu
787 1347 819 1406 in
832 1349 931 1424 pullos
947 1369 1015 1410 sues
1029 1352 1127 1414 fertur

163 1467 252 1528 qusm
271 1446 390 1526 gellius
433 1447 491 1506 Eos
504 1447 558 1505 sub
581 1447 643 1506 6166
666 1446 847 1524 quiessentes
867 1448 965 1510 fovet:
988 1454 1029 1523 et,
1047 1453 1074 1511 si
1087 1453 1124 1512 ad

163 1569 213 1610 ees
225 1548 369 1609 neeendos
381 1547 498 1606 6666666
511 1549 563 1605 666
575 1546 709 1606 66666666
722 1545 863 1606 timeatur
872 1547 962 1621 uenis,
978 1550 1123 1628 seeipiter

162 1651 215 1710 sut
226 1648 350 1727 quodvis
369 1647 450 1706 eliud
470 1646 695 1718 formidandum,
720 1647 909 1724 quantumvis
922 1647 988 1726 ipsi
1007 1651 1122 1726 gallint

162 1749 313 1828 potentius
335 1753 366 1810 66
388 1745 538 1824 grandius,
563 1746 616 1804 ilie
647 1745 746 1804 stetim
768 1765 798 1806 se
819 1746 858 1805 sd
886 1746 1117 1822 aggrediendum

160 1848 311 1927 impsvids
331 1845 444 1924 erigit,
464 1846 526 1906 6166
546 1865 616 1904 soee
641 1845 781 1921 singultit
803 1848 834 1905 et
857 1845 942 1924 qussi
965 1853 1119 1923 provocat,

161 1946 297 2019 elaustro,
315 1944 474 2022 unguibus,
499 1945 554 2004 edis
574 1949 605 2004 et
628 1945 733 2022 pennis
752 1945 888 2006 distentis
900 1965 954 2024 pro
967 1966 1023 2008 sne
1035 1951 1116 2027 prels
1200 1943 1201 1950 '

166 2043 303 2104 diminute
315 2047 426 2122 purete.
468 2043 502 2104 si
515 2043 649 2104 Christus
660 2045 742 2106 Dens
754 2045 774 2105 J
774 2044 874 2118 ndaeis,
899 2047 936 2106 ds
955 2047 1065 2124 quibus
1077 2048 1118 2110 ibi

160 2141 300 2221 loquitur,
327 2143 435 2220 gratiss
455 2141 572 2201 nonnisi
592 2141 799 2202 insnffieientes
819 2143 979 2216 tribuisset,
1002 2164 1114 2225 eompa-

160 2241 236 2302 rstie
249 2241 285 2301 sb
299 2261 332 2302 eo
346 2241 484 2302 institute
503 2246 579 2300 esset
601 2240 764 2300 falsissime.
805 2241 849 2303 2⁰.
889 2241 1006 2304 Diserte
1020 2248 1051 2306 66
1063 2266 1113 2306 ex·

159 2359 256 2420 presse
279 2341 389 2400 mulum
409 2359 573 2400 sueesssum
586 2340 698 2416 gratiss,
712 2359 771 2400 non
784 2340 876 2418 ipsius
889 2344 992 2418 gratiss
1005 2344 1114 2405 insuffi-

159 2439 284 2514 cientis,
293 2439 343 2501 sed
353 2440 488 2500 humsnae
501 2440 662 2500 veluntatis
674 2439 836 2500 resistentis
848 2441 1018 2518 pervieeeiee
1028 2445 1112 2507 unies

159 2545 298 2602 ettetum
311 2539 745 2602 eseribitchristusz-“uelui
762 2560 935 2619 eengregsre
935 2587 1062 2615 .....
1083 2551 1112 2606 66

160 2641 309 2703 66161666.”

201 2743 479 2802 edissenum
502 2741 566 2800 111.
588 2741 620 2801 S.
634 2741 799 2818 Stephanus
820 2741 972 2819 alloquens
993 2743 1109 2804 Judaeos
1199 2803 1200 2806 ,

161 2840 385 2902 dieitt-“Ves
399 2859 512 2918 semper
532 2841 657 2918 Spiritui
678 2841 784 2900 Sancte
797 2839 951 2900 resistitis:
972 2842 1107 2920 6166666-
1199 2817 1200 2836 Χ

159 2946 218 3002 tres
230 2938 331 3012 vestri,
346 2937 389 2998 ite
402 2943 434 3000 66
446 2939 528 3000 vos.''
548 2942 617 3000 Aet.
631 2940 683 3000 vii.
699 2943 747 3001 51.
786 2940 846 3000 Hie
869 2941 910 3013 1⁰,
925 2945 1024 3018 aperte
1037 2943 1107 3002 effis-

160 3045 257 3099 matur
282 3037 396 3113 flagitis
416 3037 438 3097 J
439 3039 596 3111 udoeorum,
621 3040 725 3116 etqui
747 3043 818 3098 tune
841 3042 925 3098 erent
946 3046 976 3099 66
996 3045 1107 3116 petrum

158 3159 266 3214 eorum,
291 3136 409 3198 omnino
434 3138 590 3198 tribuenda
611 3159 673 3198 esse
692 3139 864 3200 resistentis
877 3139 981 3218 grstiae
994 3140 1105 3214 divine,

156 3260 215 3300 nen
236 3257 304 3314 erge
326 3237 473 3298 debilitati
491 3256 544 3298 seu
562 3238 774 3298 insufficientis
794 3239 895 3316 gratie
908 3239 1010 3316 ipsius.
1051 3240 1104 3306 Qui

156 3357 257 3400 sensus
269 3338 355 3400 valde
369 3337 556 3398 confirmetur
569 3357 607 3398 ex
619 3337 850 3416 precedentibus
863 3339 995 3417 ejusdem
1007 3357 1102 3400 serne-

155 3440 202 3498 nis
223 3439 254 3497 S.
281 3438 430 3516 Stephani,
460 3438 492 3496 in
514 3438 620 3515 quibus
647 3438 735 3515 plura
751 3441 852 3498 narret
875 3437 1034 3514 singularis
1052 3439 1102 3500 Dei

154 3537 294 3598 beneficis
316 3537 429 3599 Judeeis
462 3537 567 3598 6611666
592 3540 628 3597 ab
655 3538 809 3597 Abraham
838 3538 992 3616 deinceps:
1025 3537 1100 3615 quusi

155 3637 273 3710 diceret,
316 3657 375 3696 nen
408 3656 476 3696 sene
517 3655 556 3696 ex
598 3637 715 3698 defectu
745 3636 842 3698 divini
871 3637 979 3698 faveris
1008 3637 1098 3710 fuisse,
