2424 4300
381 1074 669 1143 DISPUTATIO
693 1077 856 1144 SEXTA.

179 1295 228 1346 nn
245 1293 478 1346 unonssrrarn
497 1293 640 1343 saurus
659 1275 730 1343 sur
747 1295 985 1356 nnnremsnrs
1002 1295 1074 1345 nur

418 1361 623 1410 unnvnurrs:
641 1360 830 1412 unaarum.

345 1553 361 1633 ᾖ
385 1558 410 1612 l.
433 1553 530 1614 Slater
556 1553 719 1620 (lucrationis
739 1553 903 1630 explicatur.

190 1718 214 1773 1.
235 1715 386 1773 Hactenus
400 1713 435 1772 de
450 1713 583 1790 operibus
602 1713 685 1772 bonis
699 1713 887 1772 disseruimus
901 1715 938 1772 ad
953 1735 1021 1792 quae
1036 1715 1107 1774 faui·
1192 1785 1193 1796 ἵ

147 1815 221 1874 enda
234 1814 394 1874 necessaria
407 1817 451 1872 est
464 1814 573 1890 gratia:
598 1818 627 1874 et
641 1814 767 1872 vidimus
787 1815 824 1873 ad
844 1834 929 1874 omne
943 1835 1018 1896 opus
1029 1815 1105 1874 salu-

146 1919 208 1973 tare
217 1917 246 1973 et
260 1915 296 1972 ad
307 1913 435 1991 ejusdem
445 1913 564 1972 initium
573 1914 702 1973 absolute
709 1913 898 1973 neeessariam
907 1934 969 1973 esse
980 1914 1107 1990 gratiam
1192 1929 1193 1932 ’

145 2013 306 2072 elevantem
318 2033 325 2084 ;
341 2014 376 2071 ad
386 2034 469 2074 omno
483 2035 554 2092 opus
567 2035 644 2074 mere
655 2015 802 2074 moraliter
814 2017 965 2093 bonum-et
979 2017 1107 2074 arduum

145 2112 332 2172 neeessariam
347 2133 406 2173 esse
420 2114 544 2190 gratiam
564 2114 780 2188 medicinalem
803 2115 839 2173 ad
859 2116 1107 2191 perseverantiam

146 2213 279 2288 activam,
296 2218 402 2292 praeter
415 2216 540 2296 gratiam
553 2215 743 2288 habitualem,
759 2216 948 2275 neeessariam
963 2237 1026 2276 esse
1040 2238 1106 2294 gru-

145 2313 216 2374 tiam
227 2315 369 2375 actualem
386 2341 394 2388 3
416 2320 445 2374 ot
467 2317 503 2374 ad
526 2317 645 2375 vitanda
668 2316 764 2376 omnia
783 2316 909 2376 venialia
921 2316 953 2374 in
967 2320 1032 2376 tota
1045 2317 1108 2377 rita
1192 2331 1193 2338 ’

145 2415 334 2474 neeessariam
353 2436 413 2475 esse
434 2417 557 2491 gratiam
578 2415 735 2493 privilegii.
786 2417 873 2475 Nune
895 2415 1106 2492 inquirendum

146 2518 190 2574 est
204 2536 241 2574 an
255 2515 314 2575 sint
328 2516 426 2594 aliqua
440 2537 525 2592 opera
545 2517 620 2575 bona
634 2535 700 2594 quae
715 2516 777 2574 sine
787 2516 882 2591 gratia
895 2517 1027 2592 praestari
1041 2539 1106 2595 pos-

147 2619 226 2674 sunt.
276 2616 324 2688 Et,
351 2616 487 2692 quoniam
520 2637 604 2693 opera
632 2617 707 2675 bona
737 2615 863 2692 duplicis
888 2621 957 2676 sunt
978 2618 1104 2692 generis,

145 2715 290 2775 naturalia
304 2719 333 2775 et
347 2716 585 2792 supernaturalia,
597 2716 632 2774 de
641 2716 787 2792 prioribus
800 2716 933 2793 operibus
943 2716 1106 2792 inquiritur

146 2835 183 2874 an
197 2815 260 2875 fieri
273 2815 384 2892 possint
407 2816 468 2874 ulla
484 2817 626 2892 ejusmodi
645 2837 730 2894 opera
753 2817 839 2876 meris
859 2816 970 2874 viribus
990 2821 1105 2876 naturae

148 2921 177 2974 at
204 2915 266 2974 sine
285 2915 378 2990 gratia
404 2915 733 2991 medicinali-gratiam
756 2917 833 2976 enim
856 2917 1019 2976 elevantem
1045 2937 1102 2976 non

149 3034 209 3074 osse
223 3013 413 3073 neeessariam
436 3033 488 3089 per
509 3034 538 3073 ss
560 3018 663 3074 notum
684 3019 743 3088 est;
766 3017 801 3075 de
815 3015 916 3089 alteris
930 3015 1103 3092 inquiritur,

148 3135 206 3172 non
220 3096 256 3172 an
271 3114 305 3170 ad
321 3132 354 3171 ea
367 3114 526 3172 necessaria
547 3113 585 3172 sit
605 3116 707 3190 gratia,
722 3116 777 3174 hoo
792 3116 868 3174 enim
879 3115 940 3193 jam
962 3119 1105 3175 statutum

150 3218 201 3284 est,
218 3213 266 3272 sed
281 3231 414 3288 quasnam
427 3211 521 3286 gratia
534 3214 694 3273 necessaria
707 3215 753 3274 sit.

191 3319 217 3372 2.
239 3314 282 3372 De
296 3311 430 3388 operibus
449 3309 631 3372 naturalibus
651 3315 823 3390 quaestiones
843 3334 903 3372 esse
917 3318 1045 3390 possunt,
1065 3316 1105 3384 1⁰,

151 3415 199 3470 An
210 3412 300 3489 possit
313 3413 399 3471 homo
412 3412 511 3488 lapsus
532 3411 593 3470 sine
613 3413 707 3490 gratia
727 3413 920 3489 cognitionem
942 3413 1105 3490 aliquarum

152 3512 308 3572 veritatum
322 3512 431 3571 ordinis
444 3512 585 3570 naturalis
599 3532 763 3589 comparare
777 3534 783 3584 ;
806 3514 848 3584 2⁰,
865 3514 912 3570 An
926 3513 1015 3590 possit
1028 3513 1106 3573 idem

153 3633 238 3690 opera
252 3613 349 3690 aliqua
362 3612 435 3690 logis
449 3611 591 3671 naturalis
604 3615 706 3684 faeere,
719 3613 776 3685 vel,
793 3613 869 3690 quod
879 3613 977 3673 eodem
991 3613 1104 3684 residit,
