2408 4304
35 438 146 486 mer.
164 411 233 504 nn]
292 411 622 503 DePropriototitus
646 414 792 507 Justific.
953 423 1015 502 385

271 725 274 734 ·
342 697 402 781 52.
425 699 580 763 Solvuntur
598 699 771 780 Ob'oots‘oooe.

94 886 129 949 5.
160 882 260 962 obeo.
279 885 305 955 l,
326 881 428 942 ooutsa
448 898 560 959 argum.
582 899 613 942 n.
628 885 657 956 3,
679 900 718 943 ex
738 881 831 945 lOor.
845 881 886 945 iv.
924 882 1019 945 Verus

49 1006 170 1049 sensus
182 985 283 1049 textis
294 983 343 1046 hio
356 988 401 1048 est
415 984 531 1046 s-Etsi
543 985 718 1049 oonsoientia
733 1006 798 1050 mee
810 987 884 1049 mihi
896 993 1021 1052 testetur

50 1105 108 1148 me
121 1105 214 1166 opere
225 1083 381 1147 ministerii
393 1083 452 1145 mei
464 1084 591 1146 fideliter
602 1085 764 1165 peregisse3
784 1106 844 1149 non
856 1091 955 1150 tomen
967 1108 1020 1168 per

51 1185 122 1247 ista
135 1204 224 1266 opera
236 1189 289 1246 ent
301 1181 507 1245 conscientiam
519 1183 602 1245 illem
616 1184 797 1264 justificatus
809 1207 883 1264 sum,
905 1188 956 1250 sed
968 1195 1021 1267 'per

52 1284 164 1346 tidem.
204 1285 255 1345 Its
267 1283 425 1357 omnus,
440 1285 476 1344 nt
488 1282 524 1344 eb
537 1283 703 1346 auetosibus
714 1283 832 1348 eitatus.

103 1385 136 1446 6.
157 1383 244 1462 saep.
260 1382 302 1443 1⁰.
326 1381 414 1444 Nihil
430 1381 463 1443 in
483 1385 573 1444 textu
595 1383 632 1445 de
651 1383 709 1445 lide
729 1385 888 1448 affirmatur
906 1386 960 1448 vel·
973 1385 1006 1447 in

56 1483 211 1547 sinuatur.
252 1481 294 1544 2⁰.
316 1481 350 1544 Si
363 1501 432 1544 uera
449 1481 488 1544 sit
500 1481 631 1544 doctrina
643 1483 831 1546 Galvinistiea
850 1486 886 1547 de
898 1485 1020 1549 oestitu-

55 1585 134 1646 dine
160 1581 285 1663 proprie
302 1581 524 1662 justilioetionis
546 1601 633 1662 quam
653 1581 779 1663 quisque
797 1585 1018 1664 justusbabet,

59 1703 137 1764 ergo
150 1685 183 1746 8.
197 1682 308 1746 Paulus
321 1683 379 1744 lide
392 1681 492 1744 divina
504 1682 628 1744 eredidit
641 1702 672 1744 se
680 1682 799 1763 justum
811 1685 910 1747 fnisse.
944 1685 1020 1747 Vere

60 1804 137 1863 ergo
163 1783 259 1846 disere
281 1801 341 1844 non
366 1781 465 1862 potnit
493 1787 616 1862 “neque
640 1782 785 1862 meipsum
802 1782 935 1864 judieo.’'
975 1785 1018 1844 8⁰.

64 1885 188 1948 Diserte
207 1883 332 1945 affimat
349 1883 446 1944 Deum
474 1881 570 1944 solum
592 1881 734 1962 ejusmodi
757 1884 902 1962 judicium
927 1885 1021 1947 lasere

62 2004 161 2066 posse,
187 1981 269 2063 “qui
286 1982 403 2062 judioat
422 2001 470 2044 me
489 1981 634 2044 Dominus
653 1987 698 2046 eet
709 1981 738 2046 :”
757 1985 838 2070 quod
849 1984 947 2047 verbis
965 1985 1020 2046 im·

65 2083 195 2147 mediate
207 2081 398 2164 sequentibus
417 2080 556 2144 disertius
568 2083 701 2159 affimat,
716 2102 790 2146 vers.
805 2090 906 2146 t:-“
915 2087 1021 2165 Itaque

66 2183 161 2246 nolite
173 2187 241 2246 ante
254 2186 372 2262 tempus
386 2179 530 2261 judicare,
546 2183 738 2262 quoadusque
750 2183 851 2246 veniat
868 2185 1019 2259 Dominus,

68 2283 125 2366 qni
136 2288 166 2347 et
177 2281 359 2346 illuminabit
371 2280 539 2345 abscondite
558 2284 752 2362 tenebrarum,
774 2289 805 2348 et
824 2285 1022 2350 manifestabit

70 2383 192 2448 conniis
204 2381 367 2447 uoriium.’'

114 2485 141 2548 7.
164 2485 263 2564 Olfeot.
284 2485 313 2560 2,
338 2485 440 2546 eontm
460 2479 541 2546 idem
563 2501 676 2562 argum.
722 2484 753 2548 8.
775 2485 886 2548 Paulus
911 2485 1021 2549 revela·

74 2584 183 2647 tionem
207 2583 314 2646 habuit
339 2583 376 2645 oie
408 2601 461 2644 sua
492 2581 754 2662 predestinatione,
785 2590 821 2646 ut
847 2591 959 2648 constet
984 2605 1022 2646 ex

75 2684 187 2746 onim.
207 2682 248 2747 iv.
276 2688 304 2743 8.
351 2683 429 2761 Ergo
455 2676 661 2744 certitudinem
682 2681 752 2743 fidei
777 2681 884 2745 divinae
907 2684 944 2745 de
970 2703 1023 2745 sue

72 2783 280 2865 justificatione
299 2780 413 2844 habuit.
452 2781 530 2860 Ergo
543 2780 670 2861 seipsum
684 2780 831 2861 judicavit
843 2802 904 2845 esse
913 2782 1023 2862 justifl-

75 2889 178 2948 ouon.

118 2990 144 3048 8.
166 2980 379 3062 consequentia
390 2998 449 3042 non
463 2983 508 3043 e'st
519 2978 645 3059 rigorose
657 2981 741 3043 bons.
782 2979 875 3043 Aliud
888 2983 933 3044 est
944 2980 1022 3043 enim

79 3083 212 3148 revelatio
233 3085 270 3146 de
289 3085 390 3144 futura
413 3080 539 3162 alicujus
560 3080 654 3142 salute
674 3085 790 3156 uterne,
812 3081 868 3143 sibi
886 3082 935 3144 vol
957 3081 1023 3142 eliis

80 3188 160 3261 laeta
182 3183 263 3246 alind
274 3202 344 3246 uero
363 3181 502 3244 revelatio
515 3181 552 3242 de
564 3180 701 3260 praeeenti
720 3180 784 3262 ejus
801 3179 1020 3260 justificatione.

80 3286 142 3348 Hoe
161 3289 257 3346 autem
275 3281 477 3363 praetermisso,
500 3283 584 3358 uop.
609 3281 649 3341 1⁰.
669 3281 820 3342 Incertum
843 3286 887 3345 est
907 3285 1020 3342 antece·

81 3385 165 3446 dene:
184 3384 274 3445 verba
290 3381 366 3444 enim
387 3381 420 3442 in
433 3386 452 3442 2
465 3381 541 3442 iim.
552 3382 628 3441 bene
640 3379 768 3457 intelligi
780 3383 902 3458 possunt
914 3383 950 3440 ut
962 3379 1020 3457 sig·

81 3483 222 3545 nitiountia
234 3487 349 3545 tantum
362 3501 443 3560 spem
461 3482 574 3543 firmem
594 3485 624 3542 ot
640 3482 788 3542 ardentem
797 3502 806 3556 ;
827 3481 876 3542 vel
894 3480 1022 3560 intelligi

83 3587 195 3664 possunt
208 3588 243 3645 ut
256 3583 460 3657 conditionata,
480 3581 653 3656 conditione,
668 3585 782 3660 utpote
795 3580 929 3642 omnibus
941 3586 1019 3659 note,

84 3685 222 3764 supposito
242 3684 291 3764 (ut
310 3684 346 3745 tit
366 3683 399 3745 in
419 3681 584 3744 olnomisso
603 3681 683 3758 loeis,
706 3690 737 3743 et
755 3680 788 3742 in
806 3701 864 3743 usu
882 3681 1021 3759 loquendi

510 3787 547 3842 18
