2438 4304
144 421 207 504 308
504 412 560 480 De
577 410 706 480 Gratia.
930 409 1027 497 [nrsr.
1043 432 1089 478 rx.

142 585 255 646 mtibus
277 581 459 655 liberalibus,
485 579 669 652 mechanicis,
691 577 825 650 mathesi,
854 579 1038 650 astronomia,
1065 581 1094 638 et

142 705 226 746 omne
247 703 339 762 genus
362 680 493 744 soientiis
519 684 669 757 angeatur.
709 680 783 738 Tota
803 678 883 738 enim
904 682 1017 738 naturae
1041 679 1094 736 hu·

142 799 235 844 manaa
248 779 397 860 perfeetio,
413 780 448 839 ad
462 778 623 856 angelicam
636 781 811 855 comparata,
827 781 871 838 est
890 777 987 838 instar
998 779 1096 849 nihili,

143 881 279 946 etveluti
301 883 444 960 puuotum
465 879 501 938 ad
525 879 665 940 ooelornm
684 877 920 938 immensitatem.
961 880 1020 957 (3.)
1041 879 1097 939 De·

143 982 233 1062 nique
246 980 377 1058 angelica
396 977 536 1058 perleetio
557 975 742 1057 [naturalis],
771 977 886 1036 etiamsi
909 978 1020 1057 absque
1041 978 1100 1038 fine

143 1085 177 1144 in
189 1099 241 1142 suo
253 1081 353 1142 ordine
366 1083 482 1152 eresoat,
503 1097 652 1157 nunquam
667 1081 778 1141 statum
790 1078 919 1140 filiorum
930 1084 961 1140 et
973 1081 1099 1158 gloriam

144 1182 418 1262 ipsisprseparatam
432 1177 570 1256 aquabit.
613 1178 662 1236 ux
685 1177 793 1254 quibus
812 1182 929 1241 constat
942 1199 1032 1256 quam
1045 1179 1101 1239 im-

145 1300 278 1344 mensum
300 1281 340 1340 sit
360 1278 550 1340 intervallum
575 1277 653 1338 inter
683 1281 791 1338 statum
817 1278 904 1338 illum
928 1298 945 1340 e
968 1299 1037 1357 quo.
1051 1301 1103 1358 per

145 1381 371 1446 miserioordiam
385 1378 478 1458 erepti
498 1383 529 1438 et
549 1378 635 1437 illum
658 1377 696 1436 ad
715 1397 801 1455 quem
816 1379 910 1439 eveeti
924 1399 1049 1452 sumus;
1070 1400 1103 1440 ao

145 1483 266 1565 proinde
279 1500 367 1560 quam
381 1481 554 1540 immensum
569 1478 603 1538 fit
616 1478 790 1538 beneficium
808 1478 890 1540 istud
903 1480 1101 1558 adoptionis.”

186 1588 256 1645 *tt
279 1583 423 1652 Quoniam
437 1601 475 1641 ax
495 1581 592 1654 dietis,
604 1599 633 1640 ιι.
648 1584 696 1653 21,
712 1580 839 1658 qualitas
851 1580 914 1654 illa,
937 1601 998 1658 qua
1017 1582 1104 1642 homo

147 1688 304 1766 adoptatur
316 1686 349 1746 in
362 1683 457 1744 tilium
470 1681 527 1742 Dei
550 1687 581 1741 et
601 1680 636 1740 fit
654 1681 798 1758 partieeps
811 1680 920 1742 divina
933 1685 1059 1754 natura,
1074 1683 1106 1742 id

149 1787 236 1850 effloit
249 1783 451 1848 eonstituendo
470 1782 617 1842 hominem
637 1780 762 1840 similem
776 1781 838 1840 Deo
850 1783 881 1840 et
894 1781 979 1858 quasi
989 1782 1107 1842 deifiea-

134 1871 213 1950 ¹tum
228 1887 240 1960 (
246 1893 266 1924 “
277 1884 437 1965 partieipat
447 1882 541 1959 gratia
553 1882 702 1953 deitatem,
717 1880 787 1958 quia
799 1886 845 1941 est
857 1882 953 1958 imago
967 1901 1108 1960 expressa

149 1989 186 2050 ad
199 1986 378 2050 referendam
391 1983 538 2055 deitatem,
554 1987 584 2042 et
596 1982 629 2040 in
640 1983 699 2064 hae·
708 1981 891 2060 expressione
904 1985 936 2042 et
948 2001 1109 2060 reprensen-

148 2089 260 2150 tatione
273 2084 410 2164 imaginis
422 2083 605 2162 participatio
626 2083 746 2144 deitatis
766 2083 936 2144 oonsistit:''
958 2084 1106 2158 anama,

148 2191 170 2262 l.
189 2195 216 2262 6,
231 2189 261 2262 d,
281 2191 346 2260 lar,
362 2205 392 2246 n.
411 2186 482 2262 102)
491 2205 499 2256 ;
521 2183 664 2261 quaeritur
677 2183 710 2241 in
723 2202 780 2260 quo
793 2183 847 2243 illa
859 2183 923 2260 ipsa
942 2183 1110 2244 similitudo

149 2284 308 2350 oonsistiti
358 2281 526 2360 Respondet
547 2281 624 2340 idem
642 2281 787 2352 Bressos,
811 2300 841 2341 n.
868 2285 934 2354 105,
957 2283 995 2340 ad
1009 2303 1108 2360 quaeg.

150 2387 270 2458 tionem,
293 2390 313 2418 ‘⁸
324 2383 467 2452 Quaenam
488 2379 644 2456 praedicata
667 2379 786 2439 deitatis
799 2379 894 2457 gratia
906 2379 1065 2456 partieipet
1079 2383 1110 2439 et

150 2488 198 2550 sui
210 2483 412 2548 ooniormitate
425 2479 533 2539 referat
542 2478 575 2538 l”
619 2482 639 2514 “
653 2481 697 2538 Ea
710 2479 835 2538 arbitror
854 2499 924 2549 esse,
939 2498 1010 2555 quae
1023 2479 1110 2540 boni·

151 2591 240 2648 tatem
256 2583 391 2644 moralem
406 2579 461 2640 Dei
472 2583 687 2656 permanentem
701 2585 731 2638 et
743 2579 898 2638 radicalem
912 2581 1108 2652 constituunt,

151 2687 264 2749 ratione
284 2683 368 2760 eujus
388 2685 496 2739 natura
516 2678 617 2737 divina
635 2697 726 2755 prona
738 2683 769 2738 et
781 2683 885 2756 potens
897 2681 943 2738 est
955 2679 994 2736 ad
1008 2697 1110 2738 omnes

152 2793 183 2848 at
195 2785 271 2846 solas
281 2783 463 2860 operationes
475 2779 625 2840 moraliter
637 2779 735 2852 bonas,
751 2783 781 2837 et
794 2797 959 2856 repugnans
972 2778 1111 2837 omnibus

153 2883 302 2946 moraliter
314 2880 410 2940 malis.
452 2879 559 2956 Itaque
580 2878 676 2953 gratia
696 2877 851 2954 participat
872 2878 1011 2936 deitatem
1026 2879 1110 2937 boni-

153 2991 214 3047 tate
237 2981 341 3042 morali
364 2980 510 3040 habituali
532 2984 562 3038 et
583 2978 751 3050 universali,
774 2983 885 3038 naturae
908 2979 1038 3055 propria,
1063 2978 1111 3038 eui

153 3083 255 3146 debita
267 3091 311 3143 est
322 3079 419 3140 virtus
442 3079 479 3137 ad
499 3097 598 3138 omnes
621 3081 652 3137 et
674 3078 749 3138 solas
768 3077 948 3155 operationes
960 3079 1113 3137 moraliter

158 3187 259 3258 bonas,
282 3185 313 3242 et
332 3181 478 3257 repugnat
493 3181 623 3255 operatio
645 3177 793 3236 moraliter
812 3177 904 3248 mala;
926 3197 987 3254 qua
1000 3178 1114 3237 seilicet

148 3288 250 3366 justus
274 3281 405 3342 absolute
426 3283 456 3338 et
477 3278 654 3355 simpliciter
677 3279 771 3337 bonus
785 3283 815 3336 et
828 3281 944 3336 sanetus
963 3278 1114 3336 moraliter

152 3383 372 3447 eonstituimr.”
415 3379 534 3454 Allegat
557 3381 601 3452 (n.
628 3379 698 3456 105)
723 3379 752 3436 S.
767 3378 902 3436 Τιιοιιιιι
914 3381 950 3436 ut
962 3376 1033 3436 huie
1047 3377 1114 3436 doe·

153 3485 238 3545 trinse
260 3484 408 3544 laventem
426 3483 453 3538 l.
468 3483 496 3537 2.
512 3499 541 3555 q.
559 3481 627 3548 110,
648 3482 714 3536 ai.
729 3477 766 3536 ad
780 3481 808 3550 2,
831 3481 861 3536 et
875 3480 892 3533 3
906 3495 936 3552 p.
951 3495 979 3552 q.
995 3480 1024 3549 3,
1040 3497 1068 3537 a.
1083 3481 1112 3548 4,

153 3584 190 3644 ad
204 3588 232 3642 3.
274 3583 457 3658 Argumenta
470 3577 560 3638 etiam
582 3578 693 3654 profert
705 3596 743 3637 ex
757 3576 917 3654 Scriptura,
933 3581 951 3634 2
965 3576 1030 3635 Pet.
1047 3575 1068 3634 i.
1084 3581 1113 3648 3,

152 3688 182 3766 a,
197 3688 228 3742 et
244 3685 257 3741 l
272 3682 354 3742 Joan.
369 3679 412 3738 iii.
428 3685 455 3757 9,
472 3683 503 3738 et
514 3697 551 3737 ex
564 3677 710 3736 Patribus.
751 3676 812 3736 Sed
832 3675 928 3740 forsan
941 3674 1000 3742 diei
1013 3667 1117 3760 potest
