2410 4318
65 409 170 456 mss.
188 378 286 477 vnn]
334 381 511 454 Concordia
529 379 655 453 Grotcic
668 378 901 453 ele'bertotr's.
980 406 1040 475 253

66 557 222 616 voluntas
242 575 301 615 non
320 559 416 633 potest
429 535 567 633 impedire
587 575 640 614 nec
660 574 753 614 arcere
774 574 834 614 ase
847 552 1042 632 praedetermi-

68 658 234 718 naticnem
247 657 408 735 physicam,
420 657 478 734 qut
491 656 534 716 ita
547 656 685 732 alligatur
695 657 731 716 ad
744 676 836 716 unum
850 660 946 716 actum
961 656 1043 734 prius

69 763 190 817 natura
213 777 303 834 quam
327 761 404 833 agat,
420 760 456 816 ut
471 756 505 816 eb
522 756 616 834 positi
637 761 779 834 repugnet
791 775 850 816 non
870 756 935 817 fieri
947 762 1045 817 actum

72 859 116 917 ad
128 876 220 936 quem
234 857 330 917 datur.

121 963 176 1018 49.
199 955 341 1034 “Neque
368 975 504 1032 opponas,
530 975 596 1015 eum
623 955 676 1033 qui
699 959 777 1016 amat
799 973 857 1015 non
879 975 962 1032 posse
986 974 1044 1014 non

76 1076 183 1117 amare
206 1055 239 1114 in
266 1075 353 1114 sensu
383 1054 547 1131 composito,
572 1055 621 1114 sed
648 1059 762 1114 tontum
785 1054 817 1112 in
838 1074 925 1114 sensu
951 1054 1044 1114 diviso

77 1156 202 1230 amoris,
219 1161 360 1215 ettamen
381 1155 473 1214 libere
494 1174 606 1226 amare;
631 1154 702 1214 item
723 1175 790 1214 eum
811 1155 863 1231 qui
884 1155 965 1214 sedot
985 1174 1044 1213 non

77 1277 170 1335 posse
184 1260 261 1315 stare
274 1255 306 1314 in
321 1274 403 1314 sensu
419 1254 575 1331 composito
589 1253 730 1326 sessionis,
744 1255 899 1312 sed-solum
913 1254 945 1312 in
959 1273 1045 1313 sensu

81 1355 193 1428 diviso,
210 1359 352 1416 ettamen
374 1355 463 1414 libere
487 1355 586 1414 sedere
608 1354 740 1413 etlibere
761 1373 820 1412 non
841 1360 925 1413 stare.
966 1354 1043 1413 Nam

81 1455 260 1532 impotentia
275 1474 333 1513 non
346 1454 463 1513 amandi
472 1453 504 1512 in
515 1473 600 1512 sensu
613 1453 769 1529 composito
780 1453 883 1512 amoris
897 1459 941 1512 est
954 1453 1044 1530 impo-

83 1555 184 1614 tentia
203 1559 318 1614 tantum
337 1573 513 1632 consequens
526 1572 613 1612 usum
626 1552 788 1612 libertatis:
811 1552 904 1612 oritur
917 1553 994 1612 enim
1008 1572 1046 1612 ex

85 1656 183 1714 libera
196 1653 436 1714 determinatione
449 1653 609 1712 voluntatis
623 1654 659 1711 ad
672 1672 797 1712 amorem
816 1651 862 1732 [et
876 1673 943 1730 ergo
957 1654 1046 1714 libere

86 1756 185 1834 posita
199 1760 253 1830 est,
267 1760 296 1814 et
309 1753 374 1832 ipse
387 1749 502 1833 libera].
537 1754 614 1812 Item
627 1755 678 1831 qui
693 1746 781 1826 sedet,
797 1753 866 1813 licet
878 1772 937 1814 non
950 1758 1048 1831 posset

88 1863 167 1918 stare
190 1858 222 1916 in
244 1876 331 1917 sensu
344 1855 502 1932 composito
523 1855 664 1930 sessionis,
680 1855 770 1916 libers
792 1859 891 1915 tamen
914 1855 1003 1928 sedet,
1018 1860 1047 1915 et

89 1961 181 2020 libere
194 1978 253 2018 non
266 1961 342 2018 stat:
366 1957 435 2034 quia
448 1956 620 2034 impotentia
638 1957 734 2018 standi
747 1959 778 2017 in
792 1955 878 2018 sensa
891 1957 1048 2036 composito

91 2060 226 2121 sessionis
240 2063 284 2120 est
297 2062 413 2118 tantum
427 2077 603 2135 consequens
623 2058 796 2120 exercitium
809 2059 962 2132 libertatis,
978 2059 1048 2137 quia

91 2163 178 2220 homo
192 2160 287 2220 voluit
301 2160 416 2232 sedere;
432 2163 463 2218 et
476 2178 577 2218 sensas
591 2159 701 2220 divisus
714 2161 802 2219 estin
815 2160 881 2238 ejus
893 2165 1045 2239 potestate,

93 2281 162 2320 nam
171 2263 267 2338 potest
276 2258 378 2318 tollere
388 2258 552 2318 sessionem.
586 2260 630 2318 At
639 2258 856 2336 impossibilitas
865 2279 924 2319 non
934 2261 1049 2320 amandi

94 2361 233 2419 insensu
256 2357 413 2434 composito
434 2357 745 2434 praedeterminationis
767 2360 804 2417 ad
823 2379 949 2418 amorem
969 2365 1048 2421 ante-

97 2459 173 2520 cedit
192 2477 306 2518 omnem
329 2477 416 2518 usum
437 2457 596 2516 libertatis:
622 2477 691 2516 nam
711 2458 846 2534 provenit
865 2479 903 2518 ex
923 2462 1050 2520 motione

97 2559 181 2618 illum
207 2558 402 2629 antecedente,
428 2561 458 2616 et
484 2556 608 2614 habente
635 2557 816 2633 prioritatem
842 2559 1051 2620 causabilitatis

98 2663 228 2736 respectu
242 2655 489 2718 determinationis
501 2656 678 2728 voluntatis;
700 2675 733 2715 ac
745 2657 866 2733 proinde
887 2661 931 2716 est
944 2659 1050 2735 impos·

101 2757 220 2816 sibilitas
240 2757 419 2816 antecedens.
461 2755 681 2831 Impossibilitas
700 2760 797 2814 autem
816 2757 988 2817 antecedens
1008 2764 1052 2818 est

101 2857 251 2918 necessitas
272 2857 451 2916 antecedens.
492 2855 570 2930 Ergo
590 2854 684 2932 posita
704 2856 1002 2932 praedeterminatione
1015 2859 1052 2918 ad

102 2977 231 3028 aurorem,
248 2960 292 3015 est
304 2954 460 3014 necessitas
480 2954 652 3014 antecedens
672 2958 707 3014 ut
720 2953 759 3015 sit
773 2975 868 3018 amor:
892 2977 960 3034 ergo
973 2977 1053 3017 amor

103 3077 158 3116 non
170 3061 214 3117 est
225 3055 330 3116 liber.'’

142 3160 187 3215 50.
209 3155 420 3215 Difficultatem
440 3173 508 3214 vero
528 3171 711 3232 nequaquam
730 3155 841 3216 tollunt
859 3175 923 3234 quae
943 3159 1054 3235 profert

106 3258 183 3318 ain.
198 3275 295 3332 supra,
317 3274 347 3313 n.
364 3259 411 3326 45,
428 3257 457 3312 et
471 3253 541 3314 alibi
559 3253 591 3312 in
611 3254 711 3314 eadem
731 3255 866 3329 sectione,
881 3258 1055 3334 respondens

107 3359 141 3418 ad
160 3357 313 3417 secundam
333 3355 524 3430 objectionem
545 3354 917 3417 recissum-“Sensus
939 3377 1054 3436 compc-

109 3461 175 3520 situs
189 3459 266 3518 cadit
280 3463 309 3517 et
322 3458 355 3518 in
367 3457 461 3533 ipsam
483 3457 539 3515 Dei
553 3457 708 3516 motionem
729 3458 803 3517 etin
822 3458 915 3535 ipsam
928 3460 1054 3520 hominis

109 3561 252 3626 actionem,
274 3556 343 3635 quia
366 3559 435 3614 sunt
455 3555 543 3614 simul
562 3559 699 3633 tempore,
721 3576 780 3616 non
801 3557 918 3634 quidem
941 3579 1054 3640 compo-

110 3659 196 3720 nendo
223 3678 291 3720 cum
320 3655 447 3716 motione
474 3655 531 3716 Dei
557 3662 587 3716 et
613 3657 725 3718 actione
751 3657 878 3719 hominis
898 3662 1055 3736 potentiam
