2408 4304
60 441 164 490 mer.
181 417 247 513 xi]
305 418 635 506 DcProprr'etatibus
652 416 799 507 Justific.
971 424 1034 500 389

62 587 208 649 Paulum
227 606 284 666 qno
297 588 425 665 tempore
440 587 502 648 haec
522 585 638 664 scripsit
652 587 767 665 justum
780 581 887 646 fnisse:
909 583 992 662 Nego
1006 585 1036 645 et

63 689 234 748 Transeat.
269 687 311 747 2⁰.
331 688 414 764 Nego
427 687 577 748 minorem.
611 689 681 746 Esto
694 705 832 764 magnum
842 686 928 746 illum
938 686 1033 765 Apos-

66 789 175 847 tolum
188 807 227 847 ex
240 787 359 865 speciali
371 788 546 848 revelatione
559 787 616 848 Dei
628 787 834 847 certitudinem
847 805 906 847 suae
923 787 1032 865 justifi-

68 887 204 948 cationis
216 887 360 948 hsbuisse.
403 889 480 966 Ergo
493 908 591 949 omnes
612 887 662 948 alii
677 888 754 966 justi
768 888 896 948 eamdem
909 888 1029 948 certitu·

69 987 180 1047 dinem
193 988 318 1048 habent!

120 1091 169 1146 20.
197 1086 296 1165 object
318 1086 347 1148 6.
370 1087 594 1166 “Vosmetipsos
617 1089 729 1148 tentate
753 1087 777 1146 si
803 1086 873 1146 estis
899 1087 1027 1148 infide:

70 1167 139 1266 ipsi
150 1207 201 1248 vos
222 1190 350 1267 probate.
382 1190 439 1259 ¹An
463 1209 521 1248 non
545 1189 714 1267 cognoscitis
737 1188 933 1266 vosmetipsos,
962 1189 1032 1266 quic

73 1288 212 1350 Christus
224 1291 310 1352 Jesus
329 1290 362 1350 in
375 1291 457 1350 vobis
474 1289 543 1352 est?
563 1291 620 1351 nisi
643 1291 718 1351 forte
739 1288 853 1368 reprobi
869 1289 968 1349 estis.'’
1011 1293 1029 1347 2

73 1395 145 1454 (lor.
157 1394 221 1456 xiii.
234 1400 262 1454 5.
303 1394 380 1472 Ergo
395 1395 446 1474 qui
456 1397 530 1474 justi
542 1401 611 1457 sunt
624 1400 800 1474 cognoscunt
811 1416 840 1456 se
849 1396 945 1474 justos
958 1414 1029 1456 esse.

120 1497 169 1553 2l.
191 1496 273 1571 Rorp.
296 1495 333 1554 1⁰.
361 1496 512 1556 Incertum
535 1500 580 1556 est
603 1497 651 1557 de'
666 1517 724 1574 quc
747 1497 805 1556 fide
826 1497 875 1556 hic
898 1497 1031 1575 loquitur

75 1595 245 1671 Apostolus,
260 1597 360 1654 utrum
375 1595 410 1654 dc
424 1595 490 1668 fide,
505 1597 614 1656 virtuts
627 1597 794 1674 theologice,
809 1616 875 1657 cum
889 1596 1029 1657 chariore

76 1694 184 1770 utique
193 1694 304 1772 juncto,
321 1714 358 1753 on
372 1693 408 1754 de
418 1695 475 1754 fide
489 1715 548 1773 qua
560 1700 713 1774 patrentur
726 1697 874 1756 miracula.
910 1693 951 1757 2⁰.
973 1697 1030 1756 Po·

78 1794 137 1852 sito
163 1813 248 1853 sensu
274 1795 397 1871 objecto,
422 1795 598 1872 Distinguo:
630 1797 813 1874 Cognoscunt
834 1796 1030 1874 probabiliter,

77 1895 208 1956 maxime
228 1916 266 1955 ex
286 1896 421 1973 operibns
443 1898 546 1958 bonis:
580 1899 728 1960 Concedo:
759 1901 943 1977 cognoscunt
965 1919 1031 1959 curn

78 1995 254 2055 certitudine
282 1996 374 2056 fidei:
403 1999 497 2074 Nego.
537 1999 764 2078 “vosmetipsos
790 1999 940 2062 tentete:”
962 2019 1030 2076 ergo

78 2094 284 2154 certitudinem
297 2097 372 2156 hano
386 2117 445 2156 non
457 2097 601 2158 hebebant

120 2200 167 2257 22.
194 2196 294 2274 Olp’oot.
316 2199 343 2258 7.
374 2203 393 2232 “
410 2200 472 2258 Hoc
494 2201 585 2259 scribo
598 2201 689 2273 vobis,
715 2203 751 2261 ut
771 2201 869 2262 scietis
892 2201 1029 2279 quoniam

78 2294 171 2354 ritem
183 2295 297 2357 hebetis
310 2299 455 2370 aeternam,
478 2297 529 2375 qui
550 2300 667 2360 creditis
680 2300 712 2359 in
725 2301 842 2361 nominc
855 2301 927 2361 Filii
940 2301 1028 2361 Dei.”

82 2394 290 2454 1J0an.v.13
315 2397 417 2474 (Note.
437 2397 506 2456 Alis
525 2401 570 2458 est
591 2399 677 2460 lectio
700 2399 733 2459 in
753 2400 926 2476 quibusdam
947 2401 1029 2461 codd.

29 2501 34 2510 “
80 2489 196 2564 Grae'cis,
218 2510 305 2568 quarn
329 2493 461 2570 sequitur
483 2494 577 2554 versio
599 2495 725 2573 Anglics
743 2497 963 2569 Protestcntice,
985 2520 1032 2556 ras

82 2588 129 2642 ἱνα
155 2609 312 2663 πιστευητε,
340 2593 398 2650 “et
420 2593 455 2650 ut
478 2589 630 2650 credetis.‘’
670 2593 807 2652 Nostram
825 2592 979 2654 lectionem
998 2593 1031 2653 in

81 2686 144 2762 ipso
157 2690 244 2746 textu
257 2687 341 2764 ponit
357 2689 486 2762 Alslroltlt,
508 2713 567 2746 rose
587 2693 809 2771 pscrsvoovosv).
850 2693 928 2770 Ergo
941 2694 1030 2771 justis

81 2804 163 2862 coque
182 2790 292 2846 certum
312 2791 358 2849 est
380 2808 410 2848 so
429 2790 525 2867 justos
546 2810 607 2852 esse
628 2811 660 2852 ec
680 2795 790 2852 certum
804 2794 849 2852 est
862 2812 892 2853 so
906 2794 1029 2856 credere.

81 2884 137 2944 Sed
150 2885 283 2946 omnibus
292 2886 383 2964 justis
396 2889 526 2950 obsolute
539 2893 648 2952 certum
662 2895 706 2952 est
719 2911 749 2951 se
763 2892 886 2954 credere.

119 2988 166 3046 23.
187 2984 272 3062 Rosp.
292 2985 432 3048 Transeat
457 2989 555 3067 major.
594 2990 750 3068 Distinguo
777 2991 937 3054 minorem:
961 2994 1026 3054 (ler-

79 3087 143 3146 tum
156 3087 199 3146 ost
212 3085 346 3146 omnibns
356 3086 445 3164 justis
465 3107 495 3148 se
514 3089 619 3150 hebere
631 3091 718 3152 fidem
732 3109 848 3152 rerem:
872 3092 1002 3153 Concedo
1019 3114 1026 3155 :

79 3185 194 3244 Certum
205 3189 288 3246 estse
301 3187 506 3262 boberefidem
521 3189 682 3264 formatem,
703 3212 754 3252 seu
774 3192 821 3252 cui
834 3192 961 3254 charitas
974 3196 1025 3255 ed-

74 3284 216 3361 jungitur,
230 3286 265 3346 de
279 3305 338 3364 qua
350 3287 409 3348 fids
421 3287 482 3348 solo
494 3289 625 3368 loquitur
638 3293 668 3352 S.
684 3294 705 3352 J
706 3311 829 3352 cennos:
853 3293 946 3370 Nego.

116 3385 187 3444 Hoec
213 3385 375 3446 sufficient:
405 3388 493 3447 ceteri
520 3392 619 3450 textus
642 3391 748 3469 objecti
774 3392 822 3451 vel
846 3397 915 3453 sunt
940 3393 1027 3471 plene

77 3488 158 3545 extro
169 3505 239 3559 rem,
259 3487 314 3562 ¹rel
335 3508 373 3548 ex
386 3487 537 3568 principiis
554 3491 616 3569 jem
637 3492 712 3552 dotis
725 3492 811 3552 facile
833 3494 948 3554 enodari
961 3516 1026 3573 pos·

77 3596 153 3647 sunt.
193 3585 359 3649 Videentur
380 3588 503 3664 Snsnnz,
528 3591 550 3650 l.
567 3596 593 3664 9,
617 3612 639 3653 c.
656 3598 683 3666 9,
705 3613 734 3652 n.
751 3597 779 3665 9,
795 3595 845 3654 &c
866 3595 1021 3671 Wrconns,

78 3703 106 3762 q.
124 3687 189 3758 112,
202 3704 228 3745 s.
241 3690 267 3747 5.
