2402 4292
39 367 150 416 mse.
167 345 220 438 x.]
270 348 326 416 Da
340 347 626 438 Da'sposz'tzonibos
639 353 686 420 ad
701 351 801 440 Justz'
823 379 849 425 c.
959 377 1019 444 355
1140 310 1145 315 Ι

43 522 103 580 est
126 516 288 596 propositio
302 518 340 577 D.
356 517 502 580 O’Bnnsn.
550 520 648 582 Minor
668 541 785 584 sensum
805 527 908 586 textus
925 522 1022 601 expri-

44 618 118 678 mit
131 617 241 679 :-“O
261 617 376 691 mulier,
391 639 496 696 magna
509 623 553 680 est
567 622 638 681 fides
652 626 722 684 tua:
744 624 797 684 fiat
810 623 866 685 tibi
879 624 956 684 sicut
967 623 1022 683 vis.

47 721 102 778 Et
118 721 224 778 sanata
236 721 280 778 est
299 717 362 778 tilia
376 719 439 797 ejus
452 739 491 780 ox
508 720 561 780 illa
574 721 677 781 hora.'’
719 723 859 802 Sequitur
878 723 1024 786 conclusio

47 817 407 895 ineluctabiliter-argo
428 819 501 880 fides
518 820 683 898 justificans
704 828 748 884 est
771 825 844 888 fides
870 845 930 904 qua
953 825 1021 903 quis

50 917 162 979 credit
177 920 274 978 Deum
287 937 370 996 posse
383 939 487 981 curare
498 921 614 982 morbos
627 922 771 1000 corporis!
785 920 811 984 l!

105 1020 157 1080 17.
187 1019 308 1097 Urqator
331 1026 359 1083 3.
381 1021 568 1082 Vocabulum
592 1046 683 1080 acccc
706 1044 857 1102 nunquam
876 1025 908 1085 in
927 1025 967 1086 N.
989 1025 1024 1084 Τ·

53 1121 139 1199 (uno
159 1119 257 1180 forsan
275 1119 337 1180 loco
357 1127 487 1198 excepto,
502 1127 521 1180 2
536 1123 635 1184 Thess.
650 1124 682 1184 ii.
702 1125 751 1200 13)
765 1124 910 1202 significat
930 1125 1020 1184 fidem

56 1219 240 1298 simpliciter
249 1239 307 1296 qua
317 1221 383 1299 quis
394 1222 486 1282 eredit
497 1223 531 1300 (“
542 1222 629 1299 beluas
634 1223 740 1301 simply
748 1223 791 1302 ”).
817 1224 903 1298 Idam,
915 1245 944 1302 p.
954 1230 1020 1286 265.

107 1325 156 1382 18.
178 1323 265 1400 Rcap.
279 1323 318 1382 10.
339 1323 540 1382 Adveraantur
551 1323 657 1383 diserte
670 1324 1022 1396 auctoresrrotesunnci,

60 1440 142 1500 quos
168 1441 228 1499 prae
253 1421 388 1482 manibus
413 1423 563 1494 habemns,
585 1423 638 1500 qui
664 1423 761 1483 lexico
782 1423 821 1482 N.
846 1424 1026 1484 Testamenti

61 1523 254 1600 scripserunt,
289 1523 489 1595 Serranorum,
525 1523 686 1596 Romanor,
723 1524 906 1583 Psnrrronsr
940 1523 1024 1600 (edit.

62 1623 173 1701 Rosa).
215 1624 258 1684 2⁰.
274 1622 397 1684 Giroiter
412 1621 537 1699 octogies
549 1622 581 1680 in
591 1623 761 1700 Evangeliis
773 1622 918 1696 Matthaei,
933 1622 1026 1682 Marci

64 1726 98 1782 et
119 1722 207 1783 Lucae
221 1728 251 1783 et
269 1722 301 1782 in
321 1723 443 1800 epistola
462 1723 500 1781 ad
519 1723 664 1782 Romanos
683 1722 834 1784 invenitur
853 1721 1026 1783 vocabulum

65 1823 218 1884 illud-in
226 1825 388 1900 Evangelio
398 1822 518 1884 loannis
528 1843 586 1884 non
594 1823 782 1898 oocurrit‚sed
792 1846 913 1882 πιστευω
922 1822 1026 1900 sapius

68 1927 176 1984 exstat
206 1926 314 1984 Omnes
327 1929 358 1984 ct
371 1923 501 2000 singulos
514 1923 586 1984 istos
594 1924 742 2002 octoginta
754 1929 856 1986 textus
869 1923 1027 2002 diligenter

68 2023 271 2102 inspeximus:
292 2029 323 2086 et
341 2046 379 2086 ex
391 2026 438 2085 his
450 2045 509 2084 non
530 2031 599 2086 sunt
612 2027 693 2086 ultra
706 2046 758 2086 sex
770 2026 803 2086 in
816 2025 924 2104 quibus
937 2023 1025 2102 signi·

72 2129 144 2187 licat
157 2127 305 2200 fiduciam,
319 2130 350 2187 et
362 2126 394 2187 id
413 2127 445 2186 in
463 2127 510 2186 his
525 2147 578 2188 sex
596 2147 781 2207 nequaquam
794 2129 870 2190 clare
890 2133 920 2188 et
939 2134 1026 2188 certo.

74 2229 119 2290 3⁰.
141 2229 177 2287 Iu
196 2228 275 2290 nullo
295 2227 352 2289 loco
373 2229 460 2290 totius
480 2231 522 2290 N.
545 2232 576 2291 Τ.
597 2230 737 2308 aipaa‘ficot
748 2231 887 2308 fiduciam
901 2229 1029 2309 propria

68 2329 291 2406 jcutifiocta'om'a

116 2433 162 2489 19.
185 2429 386 2508 conjecturam
412 2431 449 2492 de
474 2449 561 2490 eausa
586 2427 730 2507 ejusmodi
756 2427 1030 2508 interpretationum

77 2531 146 2591 adeo
165 2531 340 2592 mirabiliter
357 2532 495 2592 falsarum
509 2536 597 2609 atqua
610 2530 759 2591 fallacium
779 2531 879 2591 videas
899 2530 932 2590 in
951 2551 1029 2590 oom-

76 2634 244 2694 mentariclo
260 2652 347 2712 supra
361 2635 404 2713 (n.
421 2635 452 2713 9)
469 2639 634 2704 memorato,
648 2653 677 2711 p.
692 2636 760 2706 337,
777 2635 827 2692 &a
867 2631 1030 2694 Videantur

77 2733 184 2794 ibidem
204 2737 235 2794 et
254 2733 312 2794 alia
331 2739 511 2812 argumente,
525 2734 686 2813 exquibus
705 2751 828 2810 sequena
845 2735 960 2792 tantum
979 2730 1028 2790 hio

78 2834 263 2912 proferemus.

118 2936 165 2998 20.
200 2935 358 3015 Urqctort
386 2955 424 2996 ex
450 2937 543 2997 Hebr.
566 2935 610 2996 xi.
643 2935 807 2996 l:·-“I⁴lst
832 2936 929 2994 autem
958 2932 1029 2993 fides

80 3035 282 3114 sperandarum
315 3037 478 3096 substantia
509 3055 617 3110 rerum,
653 3038 855 3112 argumentum
887 3051 946 3092 non
975 3051 1026 3110 ap·

81 3135 273 3214 parentium.'’
334 3135 423 3196 Fides
452 3134 501 3195 hic
533 3136 621 3212 plane
649 3135 793 3211 significat
821 3132 959 3193 fiduciam
992 3135 1028 3191 ut

81 3236 171 3312 magis
191 3229 305 3296 constat
326 3255 366 3296 ex
388 3235 533 3314 exemplis
555 3236 646 3314 hujus
667 3234 736 3294 fidei
755 3234 788 3293 in
810 3233 911 3294 eodem
933 3230 1029 3310 capite

82 3337 275 3398 memoratis.''
317 3338 404 3412 Idem,
419 3357 449 3416 p.
464 3343 576 3398 20-22.
614 3339 679 3398 Hoc
693 3355 809 3415 quoque
827 3343 1030 3414 argumentum

83 3443 117 3498 ut
134 3437 276 3499 invictum
296 3443 327 3500 et
346 3439 465 3518 quidem
484 3458 536 3517 pen
556 3457 586 3498 se
599 3437 791 3498 decretorium
810 3437 918 3514 profert
931 3439 1031 3494 auctor

84 3539 284 3616 (·‘Apassagc
306 3585 314 3600 .
335 3583 342 3600 .
366 3583 373 3599 .
395 3539 494 3600 which
507 3559 599 3600 scenas
612 3545 642 3599 to
650 3538 754 3598 render
764 3537 813 3597 the
821 3534 1032 3597 consideration

85 3640 116 3701 ol
125 3640 219 3701 others
231 3639 464 3720 superfluous’').
857 3647 859 3654 '
