2402 4292
176 376 239 454 356
562 369 619 436 Dc
643 365 779 436 Genua.
1003 366 1145 460 [menn

215 541 263 598 21.
277 538 363 615 Bosp.
377 539 418 598 10.
433 537 558 599 Videtur
565 537 614 597 hic
625 538 654 597 S.
666 537 779 596 Paulus
789 556 850 596 non
861 537 1085 598 definitionem
1092 539 1150 598 fidel

174 641 296 714 tradere,
312 638 439 704 docendo
459 637 531 716 quid
552 649 589 699 est
609 639 690 712 tides,
705 638 757 698 sed
777 640 892 716 potius,
918 641 981 702 hoc
1005 641 1150 719 supposito

175 741 291 816 (utpote
323 740 456 800 omnibus
482 740 574 819 noto),
602 739 690 798 fidem
716 738 840 798 laudare
869 741 902 799 et
933 743 1151 814 commendare,

174 840 294 900 effectus
313 841 377 916 ejus
396 839 543 899 mirabiles
563 839 753 898 declarando:
780 839 871 916 quasi
892 841 1152 902 diceret-Tanta

173 943 217 998 cst
235 939 280 998 vis
300 939 369 1000 fidei
393 939 498 1018 (firmae
516 939 621 1016 utiquc
639 943 669 998 et
690 937 824 1015 eximios)
839 944 878 999 ut
902 960 943 1000 ea
966 961 1041 1019 quas
1057 943 1154 1001 futura

173 1044 243 1099 sunt
259 1045 399 1118 tanquam
412 1059 490 1100 nunc
504 1040 660 1100 existentia
673 1039 772 1112 faciat,
789 1045 819 1098 et
832 1061 871 1099 ea
891 1061 968 1118 quae
990 1043 1153 1103 invisibilia

174 1146 244 1201 aunt
256 1148 395 1220 tanquam
408 1143 544 1203 visibilia.
578 1141 664 1201 Nihil
676 1141 732 1200 hoe
746 1141 830 1200 modo
845 1142 1006 1204 virtutem
1020 1145 1151 1222 aliquem

173 1241 312 1302 laudandi
334 1247 364 1302 ct
387 1242 610 1302 commendandi
637 1241 715 1318 apud
738 1259 841 1301 omnes
871 1245 1077 1303 communius
1104 1247 1152 1302 est.

175 1341 234 1414 Sic,
248 1341 275 1401 si
288 1342 365 1419 quis,
374 1361 403 1402 v.
415 1362 444 1418 g.
456 1342 598 1401 virtutem
611 1341 815 1418 temperentiae
829 1345 1053 1404 commendare
1062 1343 1152 1404 vellet

173 1461 276 1517 parum
300 1447 415 1500 curaret
435 1442 471 1500 de
492 1441 661 1501 definitione
684 1441 893 1517 temperantius
917 1445 1075 1516 eudendo,
1098 1443 1150 1502 imo

174 1541 341 1601 definitione
361 1541 418 1600 ista
441 1545 543 1618 utpote
567 1541 700 1599 omnibus
723 1544 794 1599 nota
821 1545 1045 1618 praetermisso,
1072 1547 1149 1602 totus

173 1646 248 1701 osset
273 1641 305 1700 in
331 1640 487 1700 commodis
516 1640 704 1718 depingendis
739 1659 809 1717 quas
830 1661 871 1700 ex
900 1642 1003 1720 hujus
1030 1643 1150 1704 virtutis
1199 1681 1200 1738 ι

174 1739 381 1800 exercitatione
394 1741 572 1799 derivantur.
595 1741 660 1800 Hoc
673 1739 736 1816 ipso
746 1740 833 1798 modo
847 1741 1037 1803 charitatem
1050 1743 1149 1802 laudat

174 1844 204 1899 st
218 1840 399 1900 commendat
416 1839 579 1912 ursulus,
599 1843 610 1898 l
631 1842 695 1898 Cor.
709 1839 775 1900 xiii.

213 1944 262 2000 22.
285 1939 328 1999 2⁰.
349 1939 415 1999 Etsi
429 1939 545 2000 daretur
558 1939 645 1998 fidem
658 1938 690 1997 in
704 1942 790 1998 textu
804 1937 982 2014 significare
996 1940 1144 2012 fiduciam,
1199 1974 1200 2012 ι

173 2059 232 2099 non
245 2043 341 2118 potest
352 2039 509 2116 significari
517 2039 664 2100 eafiducia
675 2040 711 2099 de
720 2058 778 2116 qus
786 2039 836 2098 hie
846 2038 1024 2114 disseritur,
1037 2060 1145 2118 nempe,

173 2139 280 2199 fiducia
291 2140 415 2218 propriae
425 2139 645 2219 justificationis
658 2142 692 2199 ut
705 2138 832 2198 conditio
847 2157 901 2198 seu
912 2141 1055 2200 medinm
1068 2141 1143 2200 illins

170 2239 386 2317 justificationis
400 2241 608 2316 comparandae.
643 2239 762 2299 (lentum
775 2243 820 2298 est
834 2239 925 2312 enim,
943 2246 983 2300 ut
996 2241 1062 2300 alia
1073 2259 1141 2318 pru·

173 2339 342 2414 termittam,
359 2359 457 2400 omnes
470 2359 526 2414 cos,
544 2358 668 2418 quorum
681 2339 750 2398 fidei
770 2338 907 2415 exempla
918 2338 954 2397 in
969 2341 1032 2399 isto
1053 2340 1143 2416 eapite

172 2445 300 2500 recenset
313 2441 477 2519 Apostolus,
493 2441 578 2518 longe
601 2447 668 2501 ante
678 2441 773 2514 justos
792 2439 852 2499 imo
866 2439 1034 2516 insigniter
1050 2442 1142 2520 justos

172 2541 270 2600 fuisse.

214 2646 261 2703 23.
284 2641 326 2702 30.
346 2640 434 2700 Fides
458 2644 556 2702 autem
577 2641 610 2700 in
631 2643 716 2702 textu
739 2659 798 2699 non
822 2639 975 2715 significat
999 2641 1141 2701 fiduciam

173 2741 273 2813 ullam,
288 2741 338 2800 sed
350 2741 437 2800 fidem
458 2761 523 2818 quae
537 2752 582 2802 est
594 2741 688 2801 virtus
707 2739 879 2816 theologica,
895 2741 988 2800 fidem
1004 2761 1140 2818 quaere

173 2842 282 2900 duntur
295 2842 422 2902 revelato
435 2861 452 2900 a
464 2842 536 2903 Deo.
577 2842 665 2902 Fides
678 2841 756 2902 enim
770 2842 805 2899 de
820 2860 879 2916 qua
893 2841 1034 2918 loquitur
1046 2843 1140 2918 Apos-

172 2939 249 3000 tolus
263 2959 297 2999 aa
310 2943 355 3000 eat
367 2941 413 3018 cuj
418 2961 451 3000 us
469 2942 597 3018 primum
614 2941 780 3018 exemplum
801 2941 852 3000 dat
865 2959 940 3000 vers.
956 2941 1138 3001 3:—“Fids
1199 3007 1200 3016 χ

183 3038 363 3116 ntelligimus
383 3044 481 3117 aptata
501 3061 562 3100 esse
583 3041 680 3102 secula
692 3042 779 3100 verbo
792 3038 858 3112 Dei,
875 3043 911 3098 ut
925 3059 964 3100 ex
978 3039 1137 3100 invisibili·

172 3140 227 3199 bus
239 3137 368 3200 visibilia
380 3139 515 3200 fiorent:’'
540 3140 562 3201 i.
572 3161 598 3201 c.
612 3140 684 3200 fides
707 3160 766 3218 qua
778 3140 924 3200 credimus
948 3131 1098 3200 mnndum
1120 3158 1137 3196 s

172 3240 235 3300 Deo
258 3260 296 3300 ex
315 3239 407 3300 nihilo
431 3244 559 3301 creatum
582 3261 650 3302 esse.
690 3242 776 3300 Idem
797 3245 879 3318 patet
901 3261 941 3301 ex
960 3261 1041 3300 vers.
1063 3246 1137 3300 6:-

175 3339 275 3400 “Sine
296 3340 354 3398 fide
381 3344 478 3400 autem
500 3340 677 3418 impossibile
701 3345 744 3400 est
765 3341 878 3418 placere
904 3341 988 3400 Deo:
1017 3339 1134 3400 credere

173 3439 251 3500 enim
270 3442 383 3517 oportet
396 3440 577 3498 accedentem
591 3441 629 3498 ad
642 3441 737 3500 Deum
758 3440 827 3516 quia
841 3441 894 3510 cst,
910 3443 941 3498 et
953 3438 1132 3516 inquirenti·
1199 3431 1200 3436 ’

172 3541 227 3600 bus
241 3559 271 3600 sc
283 3544 480 3600 remunerator
494 3539 532 3599 sit
541 3539 571 3598 :’'
592 3541 613 3600 i.
624 3559 647 3600 e.
663 3540 698 3598 ad
710 3539 951 3616 justificationem
969 3539 1131 3598 habendam

173 3638 209 3714 (“
218 3639 331 3716 placere
344 3640 628 3700 Deo-accedentem
638 3641 676 3700 ad
685 3639 815 3717 Deum'')
831 3638 993 3700 necessaria
1007 3639 1129 3700 catfides
