2424 4300
187 384 246 462 164
552 383 605 446 De
631 380 764 446 Gratia.
969 377 1072 467 [nrsr.
1091 401 1142 445 vr.

179 545 409 625 positionemque
431 547 567 621 siderum,
606 547 697 606 solem
720 545 780 605 diei
803 545 1003 617 sufficientem,
1036 545 1142 605 lunam

178 647 272 707 noctis
296 647 455 708 solatium:
486 648 633 724 interroga
657 651 696 707 &e
701 692 829 707 .....
852 650 1002 722 Interroga
1029 649 1141 716 omnia,

178 748 287 808 atride
308 749 332 807 si
346 767 404 807 non
418 767 504 808 sensu
524 768 576 807 suo
599 753 739 826 tanquam
761 747 818 808 tibi
837 747 1034 824 respondent:
1058 750 1144 806 Deus

176 869 229 908 nos
242 848 344 910 feoit.”
365 851 395 910 S.
408 850 536 911 Anaosr.
553 851 651 912 Sermo
668 854 733 922 141,
750 869 779 910 n.
795 855 823 908 2.

175 1151 222 1208 25.
243 1148 412 1208 Psorosmro
438 1149 480 1206 II.
512 1149 609 1208 Potest
632 1146 709 1206 tomo
731 1145 834 1223 lapsas,
857 1167 912 1206 aaa
934 1147 1037 1207 babeas
1051 1149 1142 1226 fidem

214 1249 453 1326 supernaturalem
467 1251 514 1308 aad
532 1249 619 1308 saiano
633 1249 725 1308 Doara
745 1248 929 1323 naturaliter,
946 1249 1046 1328 alc'qaa
1060 1269 1143 1324 opera

215 1348 359 1408 moraliter
373 1348 441 1406 loaa
450 1349 556 1424 facere.

213 1534 292 1593 ⁴⁵26.
322 1531 497 1609 Arpaaaata
521 1552 553 1592 aa
579 1531 746 1608 Sotiatara.
776 1534 911 1592 iusserat
934 1551 987 1592 rex
1009 1533 1140 1610 AEgypti

174 1633 342 1692 obstetrices
362 1633 525 1693 interficere
539 1633 680 1692 masculos
688 1633 815 1692 infantes
823 1633 975 1695 Hebraeos.
1012 1636 1141 1694 “Timu-

176 1738 262 1793 erunt
276 1739 374 1792 autem
388 1733 555 1792 obstetrices
569 1735 674 1806 Deum,
699 1736 728 1792 et
737 1752 796 1792 non
814 1733 949 1794 fecerunt
958 1734 1053 1811 juxta
1064 1753 1141 1812 prae·

174 1841 291 1914 ceptum
307 1837 384 1914 regis
387 1881 517 1898 .....
541 1838 621 1897 Bene
638 1857 706 1914 ergo
728 1837 800 1898 feeit
820 1838 901 1898 Deus
921 1840 1139 1899 obstetricibus.

179 1971 210 1995 ·.
232 1982 238 1995 .
263 1981 270 1995 .
294 1939 332 1996 Et
346 1937 415 2014 quia
429 1937 591 1997 timuerunt
612 1937 781 1997 obstetrices
801 1939 906 2009 Deum,
924 1938 1083 1998 edificavit
1097 1938 1141 1998 eis

174 2035 303 2094 domos.'’
327 2037 421 2095 Exod.
447 2036 466 2095 i.
494 2038 538 2107 17,
565 2041 613 2108 20,
638 2041 686 2097 21.
728 2038 799 2097 Istoe
813 2037 983 2098 obstetrices
1003 2039 1142 2097 mulieres

173 2144 257 2194 erant
271 2133 434 2212 AEgyptioe,
451 2139 489 2208 et,
503 2135 580 2196 siout
589 2135 678 2196 ceteri
685 2136 833 2214 AEgyptii,
850 2141 983 2197 carentes
997 2157 1069 2197 vera
1080 2137 1139 2196 tide

174 2237 205 2294 et
226 2232 316 2294 etiam
338 2235 510 2295 idololatrae.
560 2237 600 2294 Et
629 2239 729 2295 tamen
752 2237 886 2296 iecerunt
909 2257 984 2314 opus
1006 2238 1137 2304 bonum:

174 2335 254 2394 Deus
267 2336 354 2408 enim,
372 2335 424 2414 qui
445 2355 501 2395 non
526 2343 693 2397 remunerat
713 2357 765 2414 pro
785 2342 912 2414 peccato,
938 2359 988 2398 eas
1001 2359 1139 2399 remune-

173 2434 259 2507 ravit,
274 2435 441 2496 aedifieando
451 2436 492 2495 eis
504 2436 610 2510 domos,
627 2437 646 2495 i.
657 2457 681 2497 e.
694 2438 852 2497 secundum
863 2437 1139 2516 interpretationem

173 2537 403 2614 probabiliorem,
433 2539 526 2597 dando
551 2539 592 2597 eis
621 2540 732 2614 prolem
754 2539 879 2600 multam
899 2543 930 2599 et
957 2541 1139 2617 opulentam.

173 2636 231 2695 Eas
245 2641 343 2697 autem
357 2637 511 2698 credidisse
532 2637 564 2696 in
577 2640 683 2712 Deum,
699 2639 757 2698 fido
777 2639 881 2716 utique
901 2640 1041 2713 naturali,
1056 2643 1139 2716 patet

175 2757 212 2798 ex
226 2741 321 2798 textu.

214 2839 282 2898 *21
305 2839 361 2898 Sed
375 2843 483 2912 contra,
498 2844 615 2900 tanturn
636 2841 718 2900 abest
731 2844 767 2900 ut
780 2844 891 2899 constet
911 2839 1050 2900 mulieres
1071 2840 1138 2899 illas

175 2940 298 2998 caruisse
312 2959 380 3000 vera
394 2945 424 2998 et
437 2941 560 3003 salutari
582 2942 648 3013 fide,
675 2942 769 3001 multo
791 2942 887 3000 minus
907 2941 999 3002 fuisse
1012 2941 1136 3001 idolola-

173 3042 242 3111 tras,
258 3041 294 3098 ut
307 3038 380 3096 mihi
393 3039 479 3099 valde
494 3041 641 3117 probabile
655 3041 772 3101 videtur
783 3061 830 3101 aas
841 3041 928 3101 etiarn
939 3041 952 3119 j
957 3045 1038 3102 ustas
1045 3043 1137 3102 fuisse

173 3140 270 3197 forsan
300 3139 358 3198 fide
387 3139 508 3199 salutari
528 3141 656 3201 imbutas
684 3163 721 3202 ex
750 3141 958 3202 consuetudine
985 3144 1134 3216 familiari,

174 3260 269 3317 quam,
285 3259 336 3317 pro
350 3259 469 3300 munere
485 3261 537 3301 suo
551 3241 727 3313 obstetricia
740 3262 806 3302 eum
816 3242 951 3302 Hebraeis
963 3244 1136 3304 mulieribus

173 3342 231 3420 piis
244 3343 398 3402 habebant.
438 3343 555 3403 Etenim
573 3345 613 3416 1⁰,
628 3364 764 3421 magnum
786 3345 939 3404 subierunt
958 3347 1134 3422 perieulum,

172 3448 293 3507 fortasse
307 3449 395 3507 etiam
409 3447 488 3520 vitae,
513 3469 551 3510 ex
571 3449 615 3508 ire
638 3449 774 3508 immanis
794 3449 875 3508 illius
894 3449 972 3526 regis
988 3455 1018 3510 et
1031 3451 1062 3509 id
1076 3471 1134 3510 non

174 3567 211 3607 ex
225 3547 333 3607 motivo
348 3548 445 3626 aliquo
470 3550 597 3609 humano
622 3549 671 3610 sed
685 3570 723 3609 ex
737 3549 840 3609 timore
855 3549 919 3610 Dei.
963 3551 1003 3620 2⁰,
1020 3550 1132 3610 Passim

174 3650 204 3708 et
216 3646 378 3709 innumeris
391 3648 461 3708 locis
476 3651 505 3709 S.
516 3650 676 3728 Scriptura
690 3650 827 3710 timentes
838 3648 997 3710 Dominum
1013 3654 1048 3711 ut
1057 3649 1132 3727 justi
