2424 4300
129 521 215 566 nrsr.
232 503 295 584 vn]
343 501 398 563 De
416 501 535 564 Gratzir
551 501 641 564 Med.
659 506 727 564 aut.
743 502 838 566 Eleo.
852 523 954 589 -neg
1019 524 1075 588 157

129 668 259 737 humani,
287 687 364 726 nunc
387 667 422 725 ad
446 667 630 725 traditionem
650 669 827 726 constantem
855 673 884 727 ct
910 675 1078 748 perpetuam

128 767 286 842 appellant.
329 767 475 843 Quicquid
489 767 535 836 sit,
548 786 595 824 eos
609 767 835 826 traducianum
848 771 963 829 nomine
977 773 1077 848 appel·

127 865 232 928 lamus.
275 866 353 924 Huic
364 866 468 924 scholae
491 866 648 940 primordia
668 867 785 925 dederat
805 868 913 927 clariss.
926 870 972 927 vir
984 891 1077 930 comes

126 981 170 1020 nn
185 967 313 1036 Bouana,
329 965 405 1023 dere
420 964 568 1022 Catholioa
582 965 689 1040 optime
702 967 830 1026 meritus.
869 969 991 1027 Posthac
1011 990 1077 1030 vero

126 1083 235 1124 novam
247 1069 332 1124 nacta
353 1069 397 1124 cst
416 1065 538 1123 formam
557 1066 590 1123 in
610 1067 723 1142 scriptis
737 1087 775 1123 nn
786 1087 822 1123 ns
832 1069 984 1140 Marianis,
1000 1071 1079 1144 unde

125 1165 366 1224 Lamennaismus
379 1164 549 1242 profluxit.''
592 1167 738 1235 Pannona,
753 1167 789 1224 dc
803 1167 895 1240 Locis,
907 1188 936 1244 p.
949 1174 975 1240 3,
988 1190 1015 1227 n.
1030 1175 1075 1242 12,

125 1268 187 1323 not.
202 1266 279 1341 apud
303 1285 389 1341 quem
406 1264 521 1339 plenam
544 1265 633 1322 habes
656 1264 736 1322 illius
760 1267 924 1342 systematis
946 1270 1076 1328 confuta-

124 1365 247 1425 tionem.

167 1467 214 1524 ἦ9.
235 1466 391 1524 Recentius
404 1467 500 1522 crtum
512 1463 617 1522 hahuit
637 1463 719 1521 aliud
739 1466 873 1539 systema,
890 1468 967 1541 quod
980 1487 997 1524 a
1011 1469 1076 1544 qui·

123 1562 247 1619 busdam
255 1561 523 1621 Traditionalismus
531 1559 630 1617 mitior
638 1563 764 1631 vocatur,
773 1561 857 1636 eujus
865 1563 1077 1622 enarrationem

124 1661 232 1720 claram
252 1663 303 1722 dat
324 1663 497 1731 Toucrcncr,
523 1658 722 1734 Psychologia,
746 1678 776 1717 n.
797 1661 865 1718 458.
907 1662 999 1720 Docet
1022 1664 1076 1721 hoc

124 1764 252 1836 systema
268 1766 287 1793 “
301 1762 339 1832 1⁰,
349 1762 481 1819 Mentem
494 1759 649 1816 humanam
662 1758 771 1834 pollere
785 1758 902 1834 quidem
916 1761 947 1817 vi
960 1763 1076 1820 interna

124 1861 239 1937 sibique
260 1861 395 1938 propria3
418 1860 546 1919 eamdem
571 1863 677 1932 tamen,
705 1863 738 1917 ut
760 1860 853 1932 homo,
881 1861 976 1936 qualis
998 1881 1076 1921 nunc

123 1962 264 2032 nascitus,
291 1963 328 2020 ad
352 1961 521 2038 expeditum
538 1960 658 2018 rationis
676 1980 761 2018 usum
781 1962 940 2036 perveniat,
955 1969 1075 2022 externo

125 2062 224 2139 aliquo
238 2063 349 2121 auxilio
372 2082 443 2139 opus
466 2063 592 2132 habere;
616 2059 657 2132 2⁰,
683 2061 832 2137 Principia
851 2063 1010 2122 veritatum
1030 2084 1075 2123 ra-

124 2161 288 2232 tionalium,
310 2160 573 2238 metaphysioarum
595 2179 628 2218 ac
644 2161 797 2218 moralium
811 2181 828 2219 a
841 2161 908 2220 Deo
927 2163 1075 2221 conditore

125 2261 258 2320 humanae
269 2261 361 2320 menti
374 2255 468 2341 indita
481 2279 558 2331 esse;
580 2259 622 2317 ita
641 2263 749 2331 tamen,
766 2264 803 2319 ut
815 2261 992 2318 solummodo
1007 2280 1073 2318 con-

125 2361 210 2420 fusus
233 2363 351 2438 quidam
373 2362 478 2420 harum
501 2361 659 2420 veritatum
681 2379 780 2420 sensus
805 2364 835 2418 et
854 2380 928 2434 vaga
942 2361 1074 2436 quaedam

124 2461 313 2537 apprehensio
326 2461 383 2537 ipsi
395 2461 483 2520 insit:
507 2461 543 2519 ad
556 2461 609 2519 hoc
623 2464 730 2531 autem,
742 2465 778 2518 ut
787 2461 872 2518 homo
883 2461 999 2532 claram,
1015 2461 1072 2520 dis·

123 2561 257 2634 tinctam,
280 2565 389 2621 certam
410 2562 466 2620 Dei
487 2565 518 2620 et
535 2559 860 2636 veritatumflmoralium
880 2562 1075 2636 cognitionem

123 2763 255 2834 verbum,
272 2765 333 2821 sive
346 2781 398 2839 per
419 2762 566 2837 seriptum,
592 2761 652 2819 sive
664 2780 716 2837 per
738 2764 860 2835 gestum,
877 2761 937 2820 sive
950 2782 1002 2838 per
1015 2765 1073 2822 alia

122 2879 317 2938 quaecumque
330 2861 432 2930 media,
445 2880 510 2937 qnae
524 2860 666 2918 societatis
686 2860 890 2918 commercium
905 2863 1072 2938 suppeditat

122 2963 270 3037 indigere;
294 2963 333 3034 3⁰,
350 2962 568 3020 Institutionem
589 2962 663 3020 hano
684 2981 742 3020 non
767 2980 826 3020 esse
854 2962 1015 3021 habendam
1038 2969 1073 3023 ut

123 3061 294 3120 efficientem
317 3081 441 3134 causam,
466 3080 625 3137 perquam
649 3062 732 3118 homo
756 3061 791 3119 ad
818 3061 987 3138 expeditum
1012 3083 1070 3122 suae

123 3159 246 3219 rationis
255 3181 341 3219 usum
355 3163 513 3237 perveniat,
529 3161 579 3219 sed
592 3165 731 3236 tanquam
744 3179 851 3219 meram
865 3162 1068 3236 conditionem,

124 3261 186 3319 sine
212 3281 269 3338 qua
282 3281 340 3320 non
353 3262 443 3338 possit
457 3263 493 3319 ad
507 3261 675 3338 expeditum
696 3262 781 3318 illum
801 3281 887 3318 usum
901 3264 1069 3338 pervenire;

125 3361 168 3431 4⁰,
187 3361 344 3438 Postquam
365 3363 450 3419 homo
475 3380 535 3420 suae
558 3361 677 3420 rationis
698 3381 754 3418 usu
776 3379 873 3436 reapse
886 3362 1003 3432 fruitur,
1018 3383 1069 3422 sua

123 3461 186 3518 sola
222 3463 333 3520 ratione
362 3463 589 3539 quamplurimas
618 3463 753 3521 veritates
786 3461 927 3520 naturalis
961 3464 1069 3524 ordinis

124 3560 239 3636 assequi
253 3561 364 3636 posse.'’
404 3562 483 3627 Quid
495 3562 531 3620 dc
544 3563 597 3620 hoc
611 3565 764 3638 systemate
784 3559 903 3618 senserit
916 3563 1068 3636 praeclarus

123 3661 172 3719 hic
183 3661 373 3739 philosophus
385 3664 441 3722 vid.
450 3663 520 3722 ibid.
562 3664 723 3722 Videantur
731 3665 760 3720 et
770 3662 963 3735 hananaeus,
975 3665 1066 3724 Meta-

125 3763 247 3838 physica
261 3763 410 3839 specialis,
426 3785 455 3826 n.
474 3771 538 3836 135,
551 3773 591 3900 et8
603 3767 730 3919 ssRevue
752 3766 801 3826 des
823 3766 952 3825 Scicnces
965 3768 1063 3828 Eccle-
