2424 4300
162 356 203 419 86
516 348 571 412 De
589 345 719 412 Gratata.
944 345 1051 428 [nrsr.
1069 367 1119 409 111.

161 519 202 576 sic
217 521 260 576 tot
273 515 349 574 mela
361 533 418 574 non
433 514 526 574 solum
540 514 660 592 physica
674 513 724 571 sed
738 510 857 570 moralia
870 498 1073 588 avertantur),
1089 517 1121 569 ut

161 625 288 693 tempore
301 614 386 674 famis
399 615 447 672 vel
466 613 641 690 pestilentiae
656 613 786 671 omnium
805 611 1034 669 necessitatibus
1053 629 1118 687 pro-

160 717 302 786 videatur,
320 717 379 785 dis,
397 717 456 783 dra,
473 717 523 774 &a
574 713 679 772 Nonne
693 711 792 787 aliquo
806 710 890 768 modo
911 710 1025 786 dignus
1045 715 1121 768 esset
1193 763 1194 780 ,

160 816 227 876 talis
241 815 293 892 qui
312 818 430 891 propter
449 813 511 872 haec
533 832 619 888 opera
639 811 763 888 gratiam
783 810 912 886 recipiat,
928 813 968 882 et,
986 809 1014 867 si
1035 813 1120 867 extra
1193 813 1194 834 ¹

160 915 319 975 Ecclesiam
344 914 390 984 sit,
408 913 495 972 etiam
520 912 643 987 gratiam
664 931 724 988 qua
744 911 780 968 ad
800 930 862 968 eam
883 907 1120 985 perduceretur?
1193 953 1194 980 ,

161 1016 207 1073 Ita
231 1011 463 1073 communissima
484 1011 638 1070 acatholici
660 1011 692 1067 in
714 1010 761 1068 his
782 1007 958 1086 regionibus,
974 1017 1008 1067 et
1031 1008 1118 1068 etiem
1193 1017 1194 1074 f

161 1113 279 1190 quidam
294 1111 437 1172 Catholici
450 1131 508 1169 non
522 1112 595 1170 bene
610 1109 735 1167 formati.

203 1213 248 1270 72.
272 1211 358 1285 Barp,
379 1209 549 1284 Distinguo:
567 1209 597 1267 si
612 1211 686 1266 saeta
701 1208 760 1265 sint
774 1227 811 1266 ex
825 1205 937 1280 gratia:
963 1207 1115 1266 Concedo:
1193 1245 1194 1248 =

161 1311 194 1369 Si
216 1330 293 1368 uon:
315 1311 344 1368 N
346 1330 407 1384 ego.
457 1309 530 1367 Haec
551 1311 629 1367 enim
650 1307 756 1377 omnia,
774 1305 963 1382 quantumvis
976 1306 1119 1382 praeclare
1193 1365 1194 1368 ,

159 1409 243 1468 nobis
266 1429 327 1468 esse
349 1409 510 1480 videantur,
534 1413 564 1466 et
587 1407 819 1466 benevolentiam
841 1409 870 1464 et
891 1405 1017 1481 gloriam
1040 1407 1118 1482 apud

159 1510 290 1568 homiues
308 1509 375 1586 jure
399 1508 561 1579 concilient,
587 1508 610 1564 si
635 1508 707 1565 fiant
730 1507 793 1566 sine
814 1506 916 1582 gratia,
941 1509 1015 1564 sunt
1039 1525 1118 1564 mera
1193 1587 1194 1592 ἵ

160 1628 246 1686 opera
270 1607 336 1666 vilis
358 1611 503 1677 creature,
529 1607 678 1682 pertinent
708 1605 901 1665 essentialiter
924 1606 962 1662 ad
984 1605 1117 1666 ordinem
1193 1593 1194 1632 l

159 1709 244 1784 longe
264 1711 303 1779 et,
326 1711 360 1765 ut
381 1707 424 1764 ita
446 1706 548 1775 dicam,
574 1705 689 1764 infinite
714 1705 888 1774 inferiorem,
911 1724 1116 1781 necunquam

159 1807 220 1865 ullo
241 1808 324 1865 modo
344 1807 490 1864 hominem
511 1805 660 1880 disponere
680 1808 810 1882 possunt,
829 1809 861 1862 ut
883 1808 1004 1881 propter
1026 1825 1062 1864 ea
1083 1806 1118 1864 ad

160 1908 250 1965 istum
264 1906 388 1964 alterum
402 1908 431 1964 et
445 1903 578 1963 divinum
592 1903 723 1963 ordinem
738 1905 904 1963 attollatur:
927 1923 957 1961 n.
974 1909 1064 1964 50-2.
1193 1937 1194 1944 κ

200 2005 248 2067 73.
284 2003 380 2080 Oljeot.
409 2009 437 2061 2.
467 2005 619 2063 Ponantur
633 2004 690 2062 duo
704 2003 846 2078 infideles,
862 2003 959 2062 Titius
973 2006 1004 2063 et
1019 2003 1115 2076 Caius,
1193 2007 1194 2078 ξ

160 2121 282 2180 quorum
301 2105 380 2179 prior
406 2104 498 2163 vitam
524 2105 609 2162 duxit
639 2103 837 2180 turpissimam
865 2106 895 2162 et
921 2103 1004 2162 omni
1030 2123 1118 2163 coeno

159 2202 296 2262 vitiorum
310 2201 504 2280 inquinatam,
518 2204 591 2262 alter
601 2223 669 2263 vero
678 2203 770 2262 vitam
779 2203 865 2262 duxit
875 2203 962 2277 longe
972 2203 1119 2282 longeque

160 2301 257 2362 minus
270 2302 443 2362 maculatam
457 2303 505 2363 vel
519 2303 616 2377 etiam,
636 2304 755 2381 adjutus
769 2302 888 2362 auxiliis
901 2321 975 2378 pure
995 2303 1119 2362 medici·
1193 2311 1194 2334 ¹

160 2401 284 2471 natibus,
299 2402 445 2461 moraliter
464 2403 576 2462 bonam.
617 2402 704 2461 Caius
726 2423 794 2461 sane
815 2420 874 2478 prae
898 2401 978 2460 Titio
1002 2402 1121 2478 dignior

160 2506 204 2562 est
231 2502 279 2562 cui
303 2523 320 2561 a
342 2504 404 2561 Deo
428 2503 600 2562 concedatur
621 2503 715 2578 gratia
734 2501 891 2562 vocationis
913 2502 950 2559 ad
975 2502 1068 2561 fidem
1090 2507 1120 2563 et

157 2602 407 2678 justificationem.

203 2703 248 2760 74.
280 2703 362 2776 Rasp.
395 2701 567 2776 Distinguo:
590 2701 690 2760 Minus
712 2702 849 2777 indignus
873 2703 932 2760 est:
963 2701 1116 2762 Concedo:

165 2800 285 2875 Dignior
299 2805 360 2858 est:
382 2802 474 2876 Nego.
496 2801 669 2860 Differentia
682 2821 740 2860 non
755 2801 843 2860 estin
858 2801 1001 2876 dignitate
1017 2801 1071 2861 sed
1086 2805 1118 2861 in
1193 2839 1194 2882 p

64 2965 67 2968 ,
161 2899 347 2974 indignitate,
363 2920 422 2958 non
436 2901 468 2958 in
481 2901 584 2960 merito
599 2902 693 2961 sedin
708 2903 864 2962 demerito:
887 2905 992 2961 neuter
1007 2903 1119 2980 dignus

162 3003 214 3068 est,
227 2999 310 3056 ambo
324 2998 444 3074 indigui
561 3001 565 3009 '

203 3100 250 3158 75.
279 3097 399 3172 Urgetur
417 3102 440 3157 1.
463 3099 539 3174 Ergo
552 3099 625 3158 falsa
640 3105 685 3160 est
697 3104 766 3159 note
779 3091 921 3160 sententia
936 3102 966 3160 S.
982 3101 1116 3176 Tecum,

163 3215 230 3272 quae
244 3195 366 3254 affirmat
386 3197 502 3272 quodsi
521 3197 627 3276 aliquis
647 3200 679 3258 in
700 3199 790 3277 sylvis
810 3199 938 3259 nutritus
964 3200 1121 3260 “ductum

163 3293 304 3355 naturalis
317 3294 437 3355 rationis
452 3303 628 3373 sequeretur,
640 3299 671 3357 in
686 3300 817 3376 appetitu
830 3299 939 3358 boniet
953 3299 1025 3375 fuga
1036 3302 1120 3374 mali,

164 3393 320 3454 certissime
339 3400 383 3454 est
402 3397 561 3456 tenendum
580 3399 658 3471 quod
680 3399 708 3456 ei
728 3401 807 3457 Deus
825 3399 881 3469 vel,
897 3418 948 3474 per
969 3398 1123 3459 internam

165 3495 391 3572 inspirationem,
405 3495 549 3555 revelaret
563 3513 605 3562 aa,
620 3517 684 3573 quae
697 3506 764 3556 sunt
778 3499 815 3556 ad
829 3497 1003 3556 credendum
1017 3518 1122 3560 neces·

166 3595 250 3670 saria,
266 3597 314 3657 vel
328 3596 455 3674 aliquem
469 3594 538 3655 fidei
555 3597 773 3670 praedicatorem
787 3598 822 3656 ad
837 3617 904 3657 eum
919 3597 1092 3674 dirigeret.’'
