2430 4304
150 421 208 483 188
514 415 570 484 De
591 415 723 485 Gralzh.
941 421 1040 508 [msa.
1057 444 1104 492 v1.

185 589 233 642 90.
255 583 345 643 Plura
366 584 423 642 huc
444 585 623 662 pertinentia
643 587 703 647 vid.
727 587 805 664 apud
820 587 941 661 Susam,
958 590 979 649 l.
997 596 1022 662 l,
1038 613 1107 670 pas·

145 684 226 756 sim;
256 684 433 756 Maarsares,
459 705 488 762 q.
514 690 542 756 3,
569 707 594 743 a.
621 689 655 758 25
679 689 896 760 Bncnrsnnons,
920 709 944 748 c.
968 695 995 760 2,
1022 711 1047 749 a.
1068 697 1106 765 4;

145 788 294 858 Pannona,
323 805 353 844 ιι.
381 789 448 858 108,
477 792 535 845 not
560 787 687 846 Bursam
715 785 822 868 5413,
852 791 899 847 &a
922 790 1105 867 Jnnanann,

145 889 315 960 n.111,&c.

166 1089 181 1169 g
197 1099 223 1150 l.
246 1091 289 1150 Dc
299 1092 393 1169 pratia
407 1093 561 1152 neccssaria
575 1095 612 1152 cd
624 1115 708 1170 opero
728 1095 879 1168 salutaria,
894 1117 1020 1174 quanam
1034 1101 1086 1158 ait.

186 1256 232 1310 91.
254 1250 326 1309 Cum
340 1250 435 1324 gratia
446 1251 742 1330 elevansdnplcxest,
753 1255 911 1314 habitualis
924 1261 953 1315 et
967 1258 1106 1332 actualis,

145 1351 267 1429 quaestio
281 1355 325 1410 cst
339 1355 438 1410 utrum
452 1352 483 1409 in
494 1353 507 1428 j
512 1359 574 1412 usto
595 1356 755 1413 necessaria
769 1355 808 1413 sit
820 1357 915 1431 gratia
928 1358 1055 1418 actualis
1069 1361 1108 1418 ad

144 1473 219 1512 omna
232 1471 304 1529 opus
324 1452 458 1526 salutare,
475 1473 512 1511 an
525 1474 663 1514 veronen
679 1457 802 1516 sufficiat
812 1459 854 1546 'ad
867 1458 1000 1535 quaedam
1016 1479 1108 1535 opera

145 1552 286 1629 ejusmodi
308 1551 402 1628 gratia
428 1552 611 1612 habitualis?
661 1556 735 1614 Dixi
756 1556 816 1614 “in
834 1557 962 1633 just0;’'
992 1567 1108 1618 certum
1213 1631 1214 1642 ἵ

145 1658 190 1713 est
203 1653 281 1712 enim
295 1652 327 1710 in
341 1657 488 1728 peccatore
501 1654 613 1730 requiri
626 1655 750 1730 gratiam
770 1656 914 1714 actualem
927 1661 957 1715 et
971 1658 1105 1716 excitan-

145 1761 204 1812 tem
233 1757 263 1811 et
296 1752 492 1830 adjuvantem,
529 1759 559 1810 et
592 1754 796 1813 illustrationis
826 1759 856 1814 et
893 1756 1105 1832 inspirationis.

145 1852 274 1918 Quaestio
292 1857 336 1910 est
348 1850 383 1909 dc
399 1852 492 1926 gratia
511 1871 583 1928 pure
603 1854 736 1913 elevante
751 1860 780 1913 ct
793 1874 851 1912 non
865 1854 901 1914 do
923 1856 1105 1915 medicinali.

146 1953 274 2018 Quaestio
288 1971 355 2028 ergo
367 1971 425 2009 non
440 1957 493 2023 est,
517 1973 553 2010 an
570 1955 664 2029 possit
684 1956 784 2030 justus
802 1954 925 2031 quodvis
939 1975 1012 2031 opus
1026 1956 1105 2014 salu·

76 2121 78 2126 .
145 2061 206 2112 tare
229 2053 316 2112 ctiam
342 2053 465 2111 arduum
486 2063 632 2130 praestare,
656 2056 705 2114 vel
732 2075 768 2114 an
791 2056 884 2132 possit
909 2075 1103 2133 perseverare,

145 2153 206 2212 sint
220 2172 249 2228 gr
255 2155 313 2211 atia
326 2153 450 2212 actuali:
473 2154 523 2212 red
537 2174 573 2212 an
587 2155 705 2214 habitus
724 2176 776 2232 per
791 2176 820 2214 se
834 2174 964 2232 unquam
978 2156 1107 2216 sufficiat

145 2254 180 2312 ad
189 2272 260 2330 opus
271 2253 450 2323 elevandum,
463 2274 490 2310 v.
498 2273 536 2327 g.‚
552 2273 624 2329 opus
634 2255 752 2331 aliquod
760 2254 932 2313 facillimum
943 2254 957 2314 l
997 2257 1104 2315 Τιιοιι·

144 2372 263 2412 nssmus
278 2353 386 2413 citatur
399 2373 416 2411 a
430 2355 597 2412 Monrnenn
612 2355 653 2431 (q.
670 2359 697 2426 3,
713 2375 739 2414 a.
755 2355 787 2432 2)
802 2359 836 2412 ut
849 2355 1013 2415 affirmans:
1035 2375 1106 2414 vera

144 2463 243 2512 autem
257 2461 286 2511 et
306 2454 466 2511 communis
480 2455 624 2512 sententia
638 2461 735 2529 negat.
779 2456 852 2513 Haec
871 2455 1016 2514 sententia
1035 2473 1104 2514 con·

143 2554 293 2630 gr'uentior
316 2565 360 2612 est
384 2555 514 2612 textibus
534 2553 709 2630 Scripturaac
737 2554 779 2626 (d.
803 2559 830 2627 3,
857 2574 887 2613 n.
909 2559 956 2626 35,
982 2555 1049 2631 hc.)
1072 2563 1106 2613 et

144 2654 361 2736 definitionibus
384 2655 532 2728 Ecclesia,
558 2655 589 2714 in
616 2656 725 2732 quibus
752 2657 906 2714 necessitas
932 2659 1036 2730 gratia
1064 2657 1101 2714 ad

144 2777 230 2834 opera
253 2756 392 2815 salutaria
413 2757 512 2815 ecdem
537 2758 620 2815 modo
644 2758 679 2814 dc
704 2757 836 2816 omnibus
862 2757 1039 2829 affirmatur;
1062 2764 1103 2820 et,

144 2857 281 2934 quoniam
302 2863 465 2933 peccatores
490 2857 556 2933 (qui
582 2877 703 2918 numero
730 2856 830 2934 plures
857 2867 926 2914 sunt
954 2855 1042 2915 etiam
1072 2856 1104 2914 in

144 2956 287 3034 Ecclesia)
301 2957 395 3032 gratia
408 2939 552 3016 habituali
572 2963 680 3029 carent,
696 2977 762 3034 ergo
777 2977 868 3016 sermo
884 2962 929 3016 cst
942 2957 974 3015 in
987 2957 1050 3016 illis
1065 2957 1101 3016 de

144 3055 261 3116 actuali.
302 3055 375 3114 Dixi
398 3059 632 3131 “congruentior
641 3059 668 3130 ;'’
694 3057 792 3115 nescio
815 3058 952 3116 animan
975 3057 1104 3133 rigorose

145 3158 291 3234 probetur.
332 3157 399 3215 Dici
413 3157 491 3215 enim
504 3164 600 3234 potest
620 3159 676 3217 ista
697 3178 783 3236 opera
797 3177 858 3217 esse
873 3157 970 3216 omnia
983 3158 1103 3235 quidem

146 3279 183 3318 ex
198 3258 299 3334 gratia,
316 3257 366 3316 sed
387 3258 511 3334 gratiam
534 3258 714 3318 habitualem
739 3260 769 3318 in
788 3259 877 3337 justis
901 3279 935 3318 aa
949 3261 1104 3337 aliqnando

145 3369 281 3442 praestare
304 3381 393 3440 posse.
435 3364 538 3441 Neque
562 3365 633 3422 adeo
660 3365 730 3423 clari
757 3369 827 3424 sunt
853 3371 953 3424 textus
980 3365 1102 3424 Patrnm

146 3465 237 3538 allati,
253 3485 282 3525 v.
291 3487 318 3542 g.
334 3485 372 3524 ex
387 3465 416 3525 S.
432 3466 611 3538 Anausaro,
627 3467 663 3524 de
677 3468 789 3526 Natura
802 3471 832 3526 et
846 3465 954 3538 Gratia,
965 3485 995 3525 ιι.
1005 3471 1043 3524 29
1055 3487 1104 3526 :-

147 3573 166 3601 “
177 3566 260 3626 Sicut
273 3566 350 3625 enim
364 3566 464 3624 oculus
478 3567 612 3642 corporis,
635 3567 722 3625 etiam
746 3566 911 3643 plenissime
933 3585 1030 3638 sanus,
1045 3565 1103 3624 nisi

146 3668 268 3727 candore
288 3667 363 3726 lucis
385 3669 503 3745 adjutus
526 3688 583 3727 non
605 3675 701 3746 potest
724 3688 857 3742 cernere;
891 3667 931 3726 sic
958 3674 988 3726 et
1015 3668 1102 3728 homo
