2410 4318
135 377 198 442 204
522 353 578 422 Da
598 351 726 421 Gratia.
912 351 1013 440 [aser.
1026 373 1098 418 vn.

132 544 198 603 quae
219 523 406 602 cognoscendi
432 522 572 582 facultate
594 521 714 599 pollent.
764 520 838 598 Ejus
860 519 939 580 enim
963 521 1102 581 efficacia

131 645 189 684 non
213 624 378 685 continetur
397 623 527 700 imprdsu
548 622 678 699 physion,
708 618 759 680 sed
781 625 934 680 exercetur
955 621 989 680 iu
1013 621 1104 680 vires

133 725 268 802 physicas
290 723 419 796 alterius,
443 721 592 783 mediante
616 721 745 800 ejusdem
770 719 965 796 cognitione?
1007 721 1102 781 Tors-

135 843 245 897 eroaor,
281 821 443 899 Ontologia,
478 841 509 882 n.
535 825 601 882 264.
657 821 838 897 Exemplum
871 819 963 879 habes
996 839 1103 880 causae

134 923 272 1002 physicae,
294 921 427 982 mediata
441 927 471 982 at
483 919 665 994 immediata,
686 918 857 997 principalis
870 923 900 979 et
912 919 1104 980 instrumen-

134 1023 213 1096 talis,
227 1023 260 1082 in
273 1021 382 1098 remige
403 1026 434 1082 et
447 1041 534 1080 remo.
576 1019 720 1098 Exempla
743 1020 833 1078 habes
856 1037 951 1080 causae
975 1019 1105 1079 moralia

134 1121 167 1182 in
181 1121 315 1181 omnibus
329 1121 443 1180 casibus
464 1120 497 1179 in
520 1117 628 1198 quibus
649 1117 781 1178 homines
800 1118 958 1196 impellunt
971 1119 1045 1180 alios
1061 1120 1107 1179 ad

136 1221 281 1296 agendum
292 1221 465 1292 mandando,
480 1220 632 1289 monendo,
648 1218 804 1292 suadendo,
822 1221 872 1280 &a

176 1321 244 1382 ⁴⁶43.
268 1319 397 1386 Quaestio
410 1319 558 1397 proposita
578 1322 622 1379 est
646 1317 763 1377 omuino
784 1318 885 1388 libera,
900 1317 976 1378 etin
991 1337 1028 1379 ea
1040 1318 1105 1378 sol·

136 1419 231 1479 venda
255 1419 429 1478 scinduntur
453 1419 593 1494 theologi.
643 1419 792 1479 Videntur
818 1438 917 1478 omnes
938 1419 1104 1478 concedere

136 1518 259 1594 gratiam
272 1537 344 1595 pura
365 1518 541 1577 excitantem
565 1536 648 1594 agera
663 1521 697 1577 ut
710 1536 825 1576 causam
845 1518 994 1577 moralem.
1037 1517 1105 1588 Qui
1201 1538 1202 1541 ¹

135 1621 238 1678 teram
262 1637 326 1677 eam
345 1617 431 1677 etiam
455 1616 576 1694 physice
600 1636 684 1693 agera
705 1616 738 1675 in
765 1621 846 1678 actus
859 1617 1012 1689 salutares,
1028 1637 1102 1678 con·
1199 1664 1202 1679 .

136 1717 244 1776 cedunt
258 1717 416 1794 campeius
430 1736 513 1792 agere
527 1719 562 1776 ut
583 1736 699 1776 oausam
718 1717 865 1776 moralem.
910 1719 1025 1777 “Ratio
1040 1727 1100 1789 est,

138 1815 209 1893 quia
223 1817 324 1890 gratiae
339 1815 498 1876 excitantis
509 1816 684 1892 pertinentis
698 1816 734 1875 ad
747 1815 932 1876 intellectum
945 1817 1102 1896 proprium

138 1921 183 1976 est
195 1917 354 1990 illustrare,
379 1917 489 1989 docere,
512 1918 642 1992 suadere,
664 1937 778 1991 vocare,
792 1917 921 1978 excitare
936 1921 966 1977 ct
979 1917 1102 1978 allicere

139 2014 287 2074 adactum
302 2015 457 2075 salutarem
475 2035 482 2075 ι
505 2016 607 2092 gratiae
621 2036 689 2076 vero
704 2016 858 2076 excitantis
870 2017 1049 2094 pertinentis
1062 2017 1102 2077 ad
1200 2058 1202 2102 5

138 2115 319 2174 voluntatem
329 2115 478 2192 proprium
490 2121 533 2175 eat
544 2115 694 2193 inspirare,
702 2115 854 2188 delectare,
867 2135 956 2175 suave
965 2117 1099 2190 reddere,

138 2219 168 2274 et
178 2213 319 2274 inclinare
340 2216 377 2274 ad
391 2204 526 2274 eundem*
538 2219 635 2274 actum
659 2215 816 2275 salutarem
840 2234 893 2274 seu
913 2234 1098 2276 consensum.
1200 2284 1201 2288 Ἰ

139 2315 233 2392 Atqui
246 2313 308 2373 haec
330 2313 427 2374 omnia
448 2314 608 2391 important
631 2314 831 2374 causalitatem
846 2315 987 2374 moralem
1007 2317 1101 2376 relate

140 2415 280 2473 adactus
302 2415 450 2474 salutares.
506 2415 594 2473 Porro
617 2414 688 2474 licet
711 2419 794 2474 actus
817 2414 919 2491 gratiae
941 2415 1101 2476 excitantis

140 2513 316 2592 probabilius
334 2514 422 2573 etiam
435 2513 555 2590 physice
568 2513 739 2572 influentia
753 2517 835 2574 actus
849 2514 1000 2586 salutares,
1016 2516 1101 2592 prius
1200 2576 1201 2583 ,

141 2618 239 2673 tamen
265 2617 401 2673 exercent
424 2611 624 2672 causalitatem
647 2612 786 2673 moralem
809 2632 897 2691 quam
917 2613 1099 2694 physicam.''

143 2713 283 2783 Sraueaa,
303 2713 331 2770 d.
348 2717 375 2784 2,
399 2731 424 2770 a.
443 2716 468 2785 1,
491 2731 520 2781 11,
538 2715 565 2770 3.
607 2712 656 2770 Ita
668 2712 758 2785 Vm,
775 2713 803 2770 d.
822 2717 847 2784 l,
870 2733 900 2790 q.
913 2720 942 2788 4,
965 2735 991 2774 a.
1010 2717 1045 2788 13
1069 2719 1100 2775 et

143 2811 203 2870 alii.
246 2813 301 2870 Pro
326 2811 447 2888 physica
469 2811 640 2870 causalitate
662 2811 763 2886 gratiae
778 2813 934 2874 excitantis
948 2815 985 2873 ab
999 2814 1099 2873 eodem

144 2910 276 2968 Sraueea
287 2911 325 2987 (a.
343 2915 369 2980 2,
385 2930 415 2970 n.
432 2910 462 2988 1)
485 2910 613 2969 citantur
634 2910 804 2970 Bsusuaau.
820 2912 951 2986 Moerus,
967 2913 1098 2986 Luscius,

143 3009 286 3078 Viscum,
304 3011 362 3081 dra,
375 3013 474 3068 contra
489 3009 611 3069 Susam.
625 3010 755 3068 Taurea
771 3013 820 3070 &a
863 3010 920 3070 Sed
933 3012 1006 3072 scite
1016 3015 1101 3073 notat

144 3108 254 3168 Scarus
276 3109 387 3186 (opusc.
412 3111 447 3168 de
468 3110 610 3183 Auxiliis,
625 3110 645 3168 1.
664 3115 690 3182 3,
715 3131 739 3170 c.
757 3116 783 3186 5,
799 3131 829 3170 n.
848 3101 898 3189 11)
921 3113 1099 3186 “Doctores,

143 3209 195 3286 qui
216 3211 270 3269 hoo
293 3229 384 3286 genus
403 3230 496 3270 causae
523 3209 686 3291 [physicae]
718 3211 765 3270 illi
788 3212 965 3287 attribuunt,
990 3213 1045 3272 sub
1065 3232 1101 3272 ea

142 3311 262 3384 ratione,
285 3331 344 3372 nou
366 3312 543 3372 excitantem
576 3313 624 3372 sed
656 3313 847 3390 adjuvantem
879 3314 1006 3391 gratiam
1035 3308 1122 3375 ecam¹
1200 3361 1201 3366 η

143 3413 318 3489 appellare.''

182 3518 249 3577 *44.
272 3517 437 3584 Quaestione
460 3517 500 3577 sic
524 3517 663 3596 exposita,
689 3517 838 3580 videretur
861 3518 1016 3578 dissidium
1037 3539 1097 3580 essa
1201 3604 1202 3607 ¹

141 3617 266 3675 maxime
293 3619 329 3676 da
353 3617 437 3676 modo
458 3617 615 3695 loquendi:
637 3617 697 3692 vid,
709 3619 737 3676 d.
750 3623 777 3692 3,
801 3638 831 3677 n.
848 3621 875 3679 7.
924 3618 1095 3679 Communis
