2408 4304
173 391 235 476 376
549 388 604 453 De
621 386 755 455 Gratuita
995 387 1096 477 [msa.
1110 405 1140 454 x.

171 557 264 634 gratia
274 557 350 616 faeta
363 559 440 617 aunt.
481 557 557 632 Ergo
571 555 659 616 etiem
673 576 762 634 opera
776 577 818 618 ex
832 557 933 634 gratia
947 557 1030 616 faute
1043 558 1138 616 exolu-

171 659 290 717 duntur.

212 760 259 818 80.
281 757 366 832 Reop.
391 757 431 818 10.
452 757 529 831 Ergo
543 756 664 832 objectio
686 762 772 816 extra
785 757 946 816 materiam
961 761 1137 834 praesentem

171 859 224 930 est,
241 860 271 915 et
283 855 411 932 pertinet
428 857 464 914 ad
488 857 675 933 quaestionem
699 857 735 915 de
756 857 874 919 merito.
921 858 967 918 2⁰.
989 857 1062 916 Nan
1083 877 1140 915 nna

171 961 214 1014 eat
227 957 335 1030 textus,
350 957 390 1018 ir.
407 961 434 1030 2,
447 955 647 1034 interpretatio
661 957 829 1033 probabilia,
841 976 901 1034 qua
911 957 1005 1035 plane
1015 957 1139 1017 solvitur

169 1056 301 1133 objectio.

211 1159 259 1217 81.
282 1157 319 1235 (i)
341 1157 414 1216 Cum
436 1157 543 1215 dieitur
559 1156 705 1216 Abraham
727 1173 789 1215 non·
809 1177 870 1216 ease
880 1158 1089 1236 justificatum
1101 1177 1138 1218 ex

170 1257 313 1334 operibus,
337 1257 545 1333 intelliguntur
568 1275 653 1332 opera
674 1256 757 1333 topia:
780 1277 877 1334 supra,
903 1277 933 1318 n.
954 1261 1004 1320 76.
1050 1258 1137 1318 Hane

170 1357 436 1434 interpretationem
459 1375 633 1432 nonparum
655 1357 756 1416 suadet
771 1358 908 1434 Apostoli
931 1358 1133 1436 propositum,

169 1457 221 1535 qui
234 1457 282 1516 hio
296 1457 327 1514 in
349 1476 381 1515 eo
395 1459 474 1516 totus
494 1460 585 1516 estut
599 1457 730 1515 ostendat
750 1476 836 1533 opera
855 1457 940 1533 legia,
956 1459 1064 1528 uteie,
1078 1479 1134 1516 non

164 1556 335 1634 justificare.
376 1557 481 1634 Neque
494 1558 590 1616 obstat
602 1556 713 1614 nullam
727 1575 788 1616 ease
802 1557 985 1616 mentionem
1003 1558 1084 1634 legia
1102 1559 1134 1616 in

169 1659 271 1716 textu:
295 1659 365 1734 quia
379 1656 427 1735 (ut
440 1656 535 1715 verbio
549 1656 687 1716 Soranum
704 1661 780 1728 utar,
796 1657 817 1716 l.
834 1660 861 1728 8,
877 1677 903 1716 a.
919 1661 970 1728 22,
987 1677 1018 1718 n.
1036 1664 1066 1730 4,
1081 1659 1132 1734 qni

169 1777 221 1834 per
246 1756 322 1814 illud
345 1758 433 1833 eaput
455 1756 514 1814 lete
541 1759 570 1814 et
590 1755 704 1831 egregie
727 1757 763 1814 de
787 1759 849 1814 tota
870 1757 925 1816 hoo
953 1757 1132 1816 difficultate

171 1856 282 1932 scribit)
312 1859 399 1914 “non
421 1858 465 1914 eat
485 1856 677 1914 necessarium
700 1855 784 1914 utin
806 1855 942 1914 omnihus
969 1856 1130 1933 §eriptam

169 1955 240 2031 louis
254 1957 288 2015 do
302 1956 400 2015 eadem
414 1975 445 2014 re
458 1955 652 2032 loquentibus,
669 1955 767 2014 eadem
781 1955 872 2014 verba
884 1959 1070 2032 repetantur,
1081 1958 1130 2015 aed

169 2055 327 2130 interdum,
341 2055 410 2116 lieet
425 2075 514 2114 unum
529 2055 576 2114 vel
596 2055 675 2114 aliud
689 2056 811 2115 verbum
828 2056 992 2130 omittatur,
1008 2075 1051 2116 ex
1064 2057 1129 2116 aliia

170 2155 404 2216 subintellectum
417 2155 573 2216 ereditur.''
614 2156 680 2214 Hoc
692 2159 760 2214 noto
781 2156 916 2232 exemplo
935 2157 1007 2216 fidei
1020 2157 1126 2215 oonfir·

169 2259 238 2330 mat,
254 2257 302 2316 oui
313 2257 467 2335 aliquando
481 2257 620 2316 tribuitur
628 2258 809 2334 justificatio,
826 2258 931 2317 oeteria
950 2257 1125 2319 conditioni·

168 2358 232 2429 bus,
247 2377 314 2434 quae
327 2358 358 2416 in
372 2357 437 2416 aliia
450 2357 519 2416 loeis
532 2364 736 2430 memorantur,
751 2358 976 2419 subintelleotia.

210 2463 256 2517 82.
286 2457 346 2536 (ii.)
373 2458 475 2516 Altera
498 2459 542 2517 eat
564 2457 773 2534 interpretatio,
797 2459 959 2517 seeundum
980 2478 1072 2535 quam
1093 2461 1123 2518 S.

168 2558 278 2617 Paulus
292 2557 424 2617 exoludit
438 2557 534 2616 omnia
548 2575 736 2634 quoecumque
750 2575 836 2634 opera
845 2562 913 2616 ante
923 2559 1013 2618 fidem
1025 2560 1121 2630 faota;

169 2662 200 2718 et
210 2677 262 2736 per
270 2657 510 2736 justificationem
524 2658 670 2733 signifieat
686 2677 742 2717 non
756 2658 850 2735 ipsam
862 2657 1044 2719 infusionem
1054 2661 1119 2738 jus·

167 2758 243 2818 titioe
264 2757 362 2828 solam,
378 2757 427 2816 sed
441 2761 535 2816 totum
557 2776 629 2834 opus
649 2757 879 2834 justificationis,
903 2765 933 2817 et
953 2779 1022 2835 ergo
1034 2773 1123 2837 prout

166 2857 294 2917 includit
306 2856 426 2916 initium
440 2857 503 2934 ejus
524 2877 574 2916 seu
587 2857 682 2916 fidem.
724 2857 832 2916 Sanoua
852 2877 921 2934 ergo
941 2861 985 2918 eat
997 2859 1120 2918 :-(ium

166 2959 229 3034 ipae
243 2956 399 3030 Abraham,
417 2957 472 3016 etsi
491 2959 553 3034 jam
573 2957 681 3034 justus,
706 2957 849 3034 aooeperit
862 2958 1020 3018 seeundum
1030 2957 1120 3034 juati·

166 3057 330 3117 ficationem
344 3061 395 3116 aeu
404 3057 529 3134 justitiae
549 3056 759 3122 incrementum
778 3075 836 3115 non
857 3077 896 3116 ex
910 3058 1057 3134 operibus,
1070 3078 1120 3136 per

167 3177 196 3217 ae
210 3160 240 3217 et
253 3157 365 3216 ratione
384 3157 431 3215 eui
445 3158 516 3234 (quo
531 3157 614 3216 modo
628 3156 725 3217 Judaei
745 3177 779 3216 ea
796 3157 991 3235 spectabant),
1007 3159 1067 3218 ‘aed
1087 3159 1117 3218 in

167 3261 310 3334 quantum
324 3261 536 3334 supposuerunt
549 3258 646 3329 fidem,
669 3261 700 3318 et
719 3258 751 3316 in
771 3277 804 3316 ea
817 3257 936 3335 penitus
949 3258 1040 3318 insita
1052 3259 1116 3320 fue·

165 3361 235 3418 runt
247 3361 289 3418 :et
310 3357 456 3431 radicata3
485 3360 593 3433 quanto
616 3357 712 3416 minua
733 3357 855 3433 eoeipiet
874 3357 1115 3435 justificationem

164 3456 288 3532 primam
302 3477 338 3516 ex
353 3457 487 3534 operibus
501 3456 554 3532 qui
568 3457 662 3516 adhue
676 3477 726 3516 neo
740 3457 833 3534 ipaem
846 3458 933 3517 fidem
947 3459 1046 3519 habet.

205 3561 253 3628 83,
275 3559 338 3616 Hao
348 3556 596 3634 interpretatione,
611 3557 686 3616 siout
706 3562 735 3617 et
754 3558 852 3635 priori,
873 3558 982 3634 optime
995 3559 1113 3619 interae

164 3655 354 3715 oonoilieutur
377 3659 408 3718 S.
432 3657 541 3716 Paulus
564 3660 594 3716 et
615 3657 644 3718 S.
667 3658 800 3731 Jaoobus,
826 3657 880 3735 qui
902 3657 948 3735 (ii.
975 3658 1027 3736 21)
1042 3658 1110 3720 dieit
