2438 4304
141 472 203 534 3²²
496 449 552 518 Dc
569 449 699 519 Gratata.
929 451 1029 540 [msa
1046 473 1091 522 rx.

178 621 228 679 54.
248 617 348 678 Prima
368 617 523 697 propositio
543 623 589 679 est
602 620 638 679 de
655 619 713 680 fide
727 619 885 694 catholiea,
908 625 944 681 ut
961 625 1044 700 patet
1056 643 1093 683 ex

139 717 323 780 damnatione
341 719 480 798 oppositus
497 719 700 798 propositionis
722 719 755 779 in
776 721 832 782 isto
854 741 964 782 canone
975 729 1049 781 :-“
1062 724 1094 783 si

139 817 205 896 quis
230 817 348 893 dixerit,
375 819 455 878 omni
480 819 593 879 homini
619 820 657 879 sd
682 820 883 881 remissionem
909 827 1097 900 peccatorum
1214 885 1215 888 ,

139 919 347 995 assequendam
367 919 562 979 necessarium
581 939 653 992 esse,
674 924 711 981 ut
728 921 828 981 credat
844 926 923 982 certo
942 927 973 982 et
986 923 1097 1000 absque

137 1017 199 1077 ulla
224 1017 407 1078 hesitatione
433 1018 555 1096 propria
588 1019 771 1080 infirmitatis
797 1025 829 1081 ot
853 1019 1094 1099 indispositionis,

137 1123 255 1196 peccata
278 1119 333 1179 sibi
356 1139 417 1180 esse
440 1119 568 1194 remissa,
591 1121 745 1180 anathema
765 1119 834 1180 sit.”
875 1121 1012 1181 Secunde
1030 1140 1095 1202 pro·
1214 1177 1215 1206 ,

137 1219 253 1296 positio,
274 1221 434 1280 seeundum
455 1239 563 1293 omnes,
586 1223 631 1280 est
644 1219 748 1280 saltem
772 1221 934 1296 theologice
954 1227 1044 1295 certa,
1066 1227 1097 1282 et

138 1320 270 1398 oppositu
283 1339 409 1380 erronea.
445 1321 505 1380 Gur
517 1324 616 1380 autem
630 1319 751 1398 quidam
763 1325 870 1398 putant
881 1339 947 1380 eam
960 1340 1020 1381 non
1034 1341 1096 1382 esse
1214 1327 1215 1330 ’

137 1419 263 1496 rigorose
283 1420 318 1480 de
337 1420 404 1489 fide,
427 1423 457 1479 et
477 1419 640 1497 oppositam
660 1420 740 1498 (quoe
761 1419 903 1488 tribuitur
919 1420 1095 1500 (letherico)

138 1519 312 1593 baretiosm,
332 1519 393 1580 vid.
417 1519 494 1597 apud
517 1519 641 1593 Susura,
660 1519 682 1580 1.
708 1525 735 1592 9,
760 1539 786 1580 o.
808 1525 847 1592 9,-
858 1537 888 1579 n.
908 1523 958 1578 23.
973 1520 1043 1581 Vid.
1064 1525 1097 1582 et

137 1609 289 1692 Hammon,
305 1620 334 1678 (1.
351 1624 377 1692 b,
394 1639 422 1697 q.
439 1619 464 1680 7.
499 1618 649 1697 Quicquid
662 1623 760 1678 autem
774 1619 903 1679 tenuerit
916 1619 1096 1680 Oethsrinus

136 1721 173 1781 de
185 1721 379 1799 possibilitate
389 1720 478 1797 hujus
488 1720 674 1780 certitudinis
683 1721 732 1800 (da
741 1739 798 1798 quo
806 1719 866 1781 vid.
876 1720 956 1782 idem
965 1721 1092 1798 Susura,

135 1822 207 1882 ibid.
231 1841 262 1882 n.
288 1827 316 1894 8,
330 1826 360 1882 et
378 1840 404 1882 c.
430 1825 476 1895 10,
497 1840 528 1882 rr.
552 1826 595 1899 2),
616 1826 728 1882 eertum
747 1825 792 1882 est
811 1841 879 1882 eum
898 1821 1017 1882 omuino
1037 1823 1094 1883 im·

134 1939 251 1981 munem
270 1939 332 1982 csse
352 1922 388 1980 ab
410 1921 516 1981 boeresi
537 1921 568 1980 in
592 1941 700 1982 canone
721 1921 901 1996 Tridentino,
932 1928 965 1983 ut
992 1942 1090 2001 supra,

134 2021 279 2081 damnata.
320 2022 420 2080 Verba
439 2020 542 2098 cepitis
562 2026 581 2088 9
604 2021 733 2098 allegati,
755 2041 784 2082 n.
807 2025 855 2096 53,
880 2022 943 2082 haeo
963 2027 1093 2082 sunt:-

134 2119 304 2193 “Quilibet
326 2121 398 2179 dnm
418 2119 546 2198 scipsum
566 2139 707 2199 suamque
727 2121 874 2200 propriam
887 2121 1092 2184 infirmitatem

134 2226 164 2280 et
187 2219 439 2297 indispositionam
465 2221 594 2298 respicit,
619 2222 654 2280 dc
678 2239 730 2280 sua
756 2221 851 2298 gratia
877 2220 1033 2282 formidare
1059 2228 1093 2284 et

131 2320 233 2382 timere
255 2325 367 2399 potest:
391 2339 459 2381 cum
482 2321 583 2380 nullus
606 2321 679 2381 scire
696 2321 793 2381 valeat
810 2321 985 2381 certitudine
1004 2321 1086 2396 fidei,

129 2421 178 2482 cui
197 2440 256 2480 non
269 2425 366 2499 potest
386 2423 501 2482 subesse
520 2421 636 2492 falsum,
652 2441 682 2481 sa
696 2421 821 2498 gratiam
839 2421 895 2481 Dei
911 2441 973 2481 asse
986 2440 1088 2481 conse·

130 2521 262 2582 cutum.'’
304 2523 403 2582 Potest
412 2521 479 2599 quis
490 2541 558 2580 sane
568 2521 675 2581 habere
684 2521 889 2581 certitudinem
899 2521 968 2581 fidei
977 2521 1088 2582 divine

130 2623 165 2682 da
180 2641 233 2682 sua
242 2621 461 2702 justificatione,
474 2623 500 2682 si
513 2621 593 2680 Deus
606 2622 637 2680 id
648 2622 676 2681 ei
690 2622 766 2682 clare
779 2621 962 2682 revelaverit.
991 2621 1090 2682 Extra

129 2723 207 2783 huno
221 2743 328 2796 casum,
342 2741 379 2782 au
392 2723 483 2800 possit
492 2723 592 2801 justus
606 2721 753 2781 interdum
763 2722 869 2781 babere
879 2721 1090 2782 certitudinem

129 2824 277 2898 moralem,
300 2829 331 2885 ct
351 2825 478 2902 qualem,
503 2824 564 2884 vid.
586 2825 664 2901 apud
686 2824 807 2896 Susum,
822 2823 894 2885 ibid.
910 2843 934 2883 c.
953 2825 1000 2884 ll.
1041 2824 1089 2884 De

129 2922 221 3000 signis
235 2917 341 3000 quibus
360 2926 424 2984 hsce
444 2925 588 2984 certitudo
609 2943 661 2984 seu
681 2923 837 3002 persuasio,
860 2921 1088 3002 qualiscumque

129 3025 176 3098 sit,
192 3026 324 3098 babetur,
340 3025 400 3086 vid.
415 3025 502 3099 infra,
519 3027 547 3088 d.
565 3031 612 3098 12,
627 3047 656 3086 n.
674 3027 739 3098 167,
753 3029 803 3086 to.

116 3173 120 3177 .
170 3131 216 3186 55.
238 3126 296 3186 Sed
314 3130 349 3187 ut
364 3127 401 3186 ad
420 3126 645 3187 declarationem
663 3127 800 3186 doctrinae
815 3123 972 3186 Catholicoe
986 3145 1086 3188 rever-

129 3230 234 3301 tamur,
255 3227 338 3287 docet
357 3227 409 3286 illa
425 3226 555 3286 doctriua
572 3227 615 3298 8⁰,
629 3226 778 3304 justitiam
791 3231 937 3304 acceptam
950 3245 1009 3286 non
1022 3247 1087 3288 esse

130 3328 272 3405 aequalem
285 3327 318 3387 in
331 3327 476 3398 omnibus,
491 3331 594 3404 utpote
608 3345 674 3404 quse
688 3329 811 3403 augetur
823 3347 876 3404 per
888 3327 964 3387 bona
978 3345 1080 3404 opera:

131 3431 217 3489 Cone.
233 3428 312 3488 Trid.
327 3447 389 3487 can.
406 3433 454 3487 24.
497 3427 593 3486 Docet
613 3425 739 3504 denique
758 3427 802 3499 40,
819 3425 969 3505 justitiam
982 3445 1085 3504 accep-

129 3533 190 3587 tam
213 3528 309 3588 amitti
331 3547 423 3606 posse,
453 3545 564 3606 nempe,
593 3545 646 3605 per
670 3530 822 3605 peccatum
849 3526 989 3588 mortale:
1010 3526 1085 3587 ibid.

4 3631 5 3642 ¹
130 3647 194 3687 can.
209 3633 257 3687 28.

168 3727 235 3787 Huc
247 3725 342 3804 posita
361 3727 542 3805 expositione
561 3747 692 3790 errorum
704 3729 885 3791 Noratomm
898 3734 928 3790 et
941 3726 1082 3790 doctrina
