2408 4304
147 375 209 446 442
529 349 585 426 De
602 349 736 428 Gratus.
942 363 1043 449 [msri
1055 382 1111 430 ιιι.

148 529 275 590 auctoris
302 526 472 588 eruditior
496 527 551 612 hoa
575 531 662 588 textu
689 528 754 606 cogi
779 529 885 608 possit,
912 533 950 591 nt
972 531 1114 592 conclusio

147 630 263 690 omnino
286 629 419 709 opposita
436 649 474 690 ex
495 649 527 690 eo
549 631 633 707 quasi
655 635 759 708 sponte
779 631 1018 700 fluam-“Qui
1031 633 1114 692 babet

146 731 281 792 mandata
297 749 370 804 mea,
390 734 421 791 et
444 734 541 790 serrat
560 751 602 802 es,
625 731 678 791 illc
697 735 742 792 est
760 732 815 810 qni
831 732 937 810 diligit
957 753 1019 794 me.
1062 733 1115 799 Qui
1180 791 1182 816 Ι

146 837 245 893 autem
267 832 366 910 diligit
389 853 445 906 mc,
468 832 610 908 diligetur
623 851 641 890 a
654 833 741 892 Patre
759 831 865 893 meo:”
890 836 944 893 &a
967 840 1115 912 utsupra.
1180 907 1182 926 μ

147 935 252 994 duatus
276 953 343 1010 ergo
365 933 416 1012 qui
440 937 537 993 servat
558 933 706 1003 mandata,
730 952 790 992 non
812 933 911 993 solum
941 935 1114 994 mandatum
1180 951 1181 1010 ι

147 1032 296 1094 charitatis
309 1033 360 1094 sed
373 1032 470 1092 omnia
484 1032 628 1103 mandata,
641 1035 753 1092 meret:
775 1051 831 1092 nec
845 1033 884 1092 ad
898 1033 961 1093 rite
975 1034 1117 1094 servandi
1180 1049 1181 1082 1

146 1135 283 1196 mandata
304 1153 333 1197 v.
354 1155 383 1212 g.
407 1132 486 1208 fidei,
512 1132 583 1211 spei,
606 1131 743 1210 justitiae,
760 1135 810 1192 &c
840 1134 1048 1194 necessarium
1072 1137 1115 1196 ost

146 1236 301 1316 imperium
315 1234 482 1309 charitatis;
503 1254 571 1310 ergo
585 1253 682 1310 neque
695 1233 733 1294 ad
746 1233 898 1294 meritum.

186 1339 275 1397 1138.
295 1337 369 1396 Haec
390 1335 535 1394 sufficiant
550 1339 586 1394 ut
607 1333 742 1411 exempla
760 1337 1022 1411 argumentorum,
1046 1356 1112 1415 qnss

146 1457 184 1497 ex
199 1436 348 1514 Scriptura
360 1435 555 1513 proferuntur.
596 1433 674 1492 Aliae
697 1433 876 1512 objectiones
890 1455 929 1496 cx
943 1436 1110 1498 rationibus
1181 1467 1182 1484 ι

145 1535 323 1614 theologicis,
349 1538 400 1596 &a
424 1533 553 1612 disjectae
572 1532 728 1593 videantur
754 1534 834 1611 apud
860 1538 999 1596 auctores
1021 1557 1108 1614 supra

144 1643 324 1712 memoratos,
339 1656 369 1697 n.
387 1640 453 1696 115.
491 1635 540 1694 Ex
560 1634 738 1708 auctoribus,
753 1635 807 1712 qui
820 1635 976 1697 adversam
990 1643 1106 1700 senten·

143 1739 216 1799 tiam
239 1743 369 1810 tuentur,
388 1735 463 1796 mihi
475 1735 592 1796 videtur
605 1735 745 1812 quosdam
767 1754 829 1795 non
850 1736 924 1797 satis
946 1737 1106 1815 diligenter

141 1841 326 1920 perpendisse
346 1839 407 1899 vim
428 1841 664 1914 argumentorum
681 1856 719 1896 ex
740 1835 884 1896 alterutra
902 1843 1008 1914 parte:
1032 1839 1103 1898 alios

141 1961 209 2002 vero
223 1940 255 2000 in
269 1960 332 2000 eam
346 1938 508 2012 inclinasse,
521 1936 590 2016 quia
603 1936 812 1998 existimabant
819 1936 970 2016 principes
983 1958 1100 2000 marum

142 2042 304 2102 scholarum
317 2039 360 2100 ita
372 2038 512 2100 docuisse.

183 2146 247 2201 139.
274 2141 417 2202 Omnibus
438 2137 564 2216 denique
586 2135 842 2211 consentientibus,
862 2129 949 2198 valde
973 2137 1097 2198 suaden-

139 2243 210 2302 dum
231 2246 276 2303 est
291 2247 322 2302 ut
335 2240 432 2301 omnia
449 2245 547 2299 nostra
566 2257 651 2315 opera
666 2255 705 2297 ex
720 2237 831 2298 motivo
846 2237 1000 2298 charitatis
1012 2258 1096 2299 exse-

138 2365 281 2424 quamur:
302 2363 362 2405 non
374 2346 490 2404 tantum
504 2341 574 2420 quia
586 2342 640 2400 hoc
652 2339 747 2400 tutius
760 2345 814 2413 est,
837 2340 888 2400 sed
901 2339 983 2418 quis,
997 2341 1091 2418 posita
1180 2343 1181 2354 ¹

138 2449 227 2509 etiam
242 2447 374 2509 absoluta
386 2443 561 2506 certitudine
570 2447 676 2502 nostrae
687 2441 848 2516 sententiae,
860 2461 948 2520 opera
960 2444 1041 2502 facta
1053 2462 1091 2502 ex

135 2549 191 2608 hoc
213 2548 323 2608 motivo
344 2549 414 2606 sunt
436 2544 530 2604 multo
550 2544 643 2620 magis
659 2542 815 2616 meritoria,
836 2541 906 2617 imo,
929 2542 1091 2604 secundum
1180 2623 1181 2626 Ἴ

137 2652 265 2708 nostram
280 2645 462 2718 sententiam,
476 2643 587 2721 duplex
599 2643 707 2703 habent
719 2641 867 2703 meritum.

176 2749 264 2808 *llo
286 2746 367 2806 Dicit
388 2745 537 2804 Burman.
562 2743 596 2820 (l.
610 2743 660 2821 c),
687 2745 753 2818 post
776 2741 806 2802 S.
832 2742 1088 2815 Boruvrrrnmu,
1180 2731 1181 2736 ¹

136 2855 223 2907 “non
236 2847 366 2907 sufficere
383 2848 420 2905 ut
441 2863 513 2922 opus
525 2842 637 2903 virtuts
654 2841 757 2902 referri
769 2841 884 2901 dicatur
896 2840 930 2900 in
944 2842 1051 2914 Deum,
1066 2841 1091 2902 si

138 2947 204 3028 quis
227 2948 263 3007 ad
280 2946 399 3005 initium
417 2943 488 3003 anni
500 2943 548 3003 vel
570 2941 677 3002 mensis
690 2941 738 3002 vel
759 2940 847 3002 etiam
867 2941 938 3015 diei,
960 2941 1090 3019 generali
1180 2979 1181 3013 ι

135 3048 261 3127 quadam
273 3045 435 3106 intentione
444 3043 550 3104 referat
559 3041 656 3102 omnis
668 3059 721 3101 sua
728 3041 829 3101 future
838 3059 926 3118 opera
935 3041 967 3102 in
978 3041 1089 3114 Deum

139 3148 189 3207 scd
202 3164 318 3206 neccsse
336 3163 396 3204 csse
411 3142 534 3202 utillud
549 3140 647 3218 ipsum
662 3160 735 3218 opus
754 3139 929 3218 particulare
942 3141 1088 3202 referatur

139 3248 171 3307 in
184 3247 291 3320 Deum,
303 3245 378 3323 quod
390 3247 488 3322 postea
497 3241 661 3302 faciendum
673 3245 727 3301 ast.
762 3241 845 3300 Tunc
858 3240 939 3300 enim
950 3241 1089 3302 dicuntur

137 3367 224 3426 opera
236 3346 347 3406 virtute
359 3343 392 3402 in
404 3344 500 3404 Deum
512 3341 613 3413 relata,
634 3361 701 3401 cum
720 3339 844 3400 intentio
862 3340 1032 3418 praecedens
1045 3345 1088 3402 est

135 3469 205 3510 vera
218 3467 305 3510 causa
323 3465 451 3523 operum,
474 3461 539 3520 quae
556 3449 657 3520 postea
674 3441 768 3514 fiunt;
789 3445 824 3501 ut
843 3440 869 3502 si
882 3440 951 3518 quis
964 3443 1045 3520 apud
1059 3463 1088 3504 se

135 3556 212 3611 certo
239 3546 400 3608 constituat
425 3543 553 3621 aliquam
586 3561 771 3603 nummorum
797 3560 940 3602 summam
967 3545 1086 3620 propter

135 3651 232 3708 Deum
245 3644 420 3723 pauperibus
435 3660 551 3717 erogare
562 3661 570 3716 ς
591 3647 621 3701 et
633 3645 732 3720 postea
742 3659 885 3702 summam
893 3640 977 3701 illam
987 3641 1085 3704 oblsts
