2408 4304
170 402 190 459 4
194 385 234 466 58
547 377 604 442 De
620 375 757 442 Grauis.
970 374 1059 459 [nur.
1069 390 1116 434 nn

169 544 289 604 laederot
309 541 470 602 doctrinam
486 542 676 614 catholicam,
699 542 751 600 sed
772 544 905 602 tantum
925 541 1005 599 hune
1021 537 1120 596 modun

171 643 310 720 loquendi
332 643 485 702 desereret.
529 642 700 700 “Meritum
711 642 770 701 hoo
784 643 826 702 de
840 659 978 718 congruo
990 657 1046 696 non
1057 635 1124 693 uliud

174 749 218 802 est
240 761 328 820 quum
352 740 524 818 dispositio:
554 740 706 816 dispositio
730 743 837 800 autem
864 738 990 818 proprie
1013 756 1070 796 non
1087 738 1127 793 dat

171 841 309 901 meritum
321 861 375 900 nec
387 839 448 898 vim
457 838 648 916 justificandi,
670 839 722 898 sed
735 844 862 899 tantum
877 843 928 898 est
941 835 1086 913 dispositio
1097 835 1127 892 ad

168 940 325 1018 justitiam,
338 940 408 1016 quia
416 940 496 998 Deus
509 938 553 996 ita
560 937 664 1008 voluit,
677 957 745 996 oum
755 944 861 1014 posset
871 938 968 998 aliter
981 933 1128 995 statuere:”

171 1042 221 1099 cto.
255 1040 293 1098 A.
308 1038 424 1098 Lamos
440 1037 472 1096 in
485 1039 568 1096 Rom.
583 1038 626 1096 ix.
645 1041 691 1096 16.
706 1037 775 1096 Vid.
799 1038 895 1098 Gonc.
913 1036 1050 1095 Trident
1064 1033 1091 1092 d.
1106 1036 1127 1102 6,
1182 1069 1186 1154 1

173 1159 235 1216 cap.
253 1141 290 1210 8;
312 1140 461 1209 Pannonis,
476 1158 505 1196 n.
522 1143 589 1196 525.

216 1242 282 1298 184.
305 1235 345 1304 2⁰,
365 1239 502 1298 Peooator
522 1257 574 1314 per
596 1237 757 1296 orationem
777 1237 952 1314 impetrare
972 1237 1069 1312 potest
1085 1250 1132 1290 non

176 1339 269 1397 solum
291 1336 415 1414 gratiam
440 1336 621 1396 contritionis
646 1336 795 1412 perseotae,
819 1355 892 1412 qnae
918 1335 1034 1393 ultima
1053 1337 1094 1390 est
1110 1335 1133 1388 et

175 1438 308 1516 proxima
331 1435 482 1512 dispositio
504 1435 542 1493 ad
558 1435 808 1511 justificationem,
834 1436 891 1495 sed
917 1435 1017 1494 etiam
1040 1430 1135 1507 gmtias

175 1535 350 1597 necessarias
360 1535 397 1594 ad
402 1534 559 1593 vincendas
569 1534 745 1592 tentationes
755 1553 862 1609 graves
869 1535 905 1593 in
914 1533 1047 1592 materia
1053 1529 1133 1606 gravi,

176 1648 207 1696 ει
228 1635 253 1695 si
270 1654 336 1712 quae
357 1633 421 1693 alio
442 1637 537 1692 essent
556 1632 764 1708 impedimenta
783 1632 979 1692 conversioni
998 1631 1063 1707 ejus
1081 1645 1135 1704 per·

179 1737 263 1796 fectae
277 1735 399 1812 objecta.
442 1733 531 1792 duan.
546 1752 576 1791 n.
591 1737 639 1803 21,
654 1737 704 1792 26.
745 1733 852 1795 Ethas
874 1735 1007 1812 quidem
1026 1729 1126 1808 gratia

177 1837 202 1895 si
215 1833 384 1895 necessaria
395 1832 463 1903 sint,
477 1835 613 1909 impetrat
626 1831 840 1892 infallibiliter:
863 1835 937 1911 quia
945 1835 1035 1893 Deus
1047 1828 1134 1888 debito

177 1936 261 1994 modo
282 1937 397 1992 orantes
420 1931 579 1991 necessaria
600 1932 637 1990 cd
658 1932 783 1990 salutem
801 1951 839 1990 ex
860 1933 1012 2009 promisso
1030 1945 1133 2004 semper

176 2033 269 2094 audit.
311 2033 343 2092 si
357 2051 425 2090 vero
438 2030 604 2094 necessarie
617 2049 676 2091 non
695 2030 756 2090 sint
768 2032 819 2090 sed
831 2031 924 2091 utiles
936 2035 1070 2102 tautum,
1086 2030 1131 2084 im·
1187 2093 1188 2096 Ἴ

177 2133 454 2212 petratfallibiliter.

370 2371 385 2453 5
399 2377 426 2430 9.
454 2370 623 2442 Quaestionea
640 2369 771 2439 eraedam
784 2369 942 2430 rebantur.

219 2555 285 2612 1⁸5.
311 2550 438 2620 Qaeritur
453 2549 492 2608 1⁰.
520 2547 640 2624 Opes-aii
665 2565 732 2607 oum
758 2547 922 2608 intentione
949 2544 1082 2609 merendi
1099 2549 1128 2602 ει

178 2651 292 2710 intuitu
312 2649 452 2709 mercedis
471 2665 655 2724 nequaquam
673 2665 776 2707 nocere
794 2649 909 2720 merito,
930 2649 993 2708 imo
1011 2647 1084 2708 utile
1098 2649 1126 2703 et
1187 2693 1189 2744 4

177 2749 325 2808 laudabile
345 2767 406 2807 essa
422 2765 513 2824 posse,
532 2747 636 2822 dogma
649 2745 832 2806 Catholicnm
855 2751 918 2808 est:
940 2748 1031 2809 (lonc.
1047 2745 1119 2807 sris

176 2852 252 2910 Sess.
274 2854 302 2920 6,
324 2867 378 2906 can
402 2850 456 2917 313
477 2847 564 2922 Prop.
582 2849 620 2906 10
633 2846 774 2906 Alexand.
788 2846 881 2907 VIII.
923 2849 983 2908 Sed
1003 2846 1122 2928 quaestio

175 2953 219 3007 est
240 2966 277 3005 sn
302 2944 427 3004 intentio
452 2944 590 3017 merendi,
612 2944 674 3004 sivo
694 2944 819 3004 actualis
838 2944 900 3004 sivo
917 2946 1065 3021 vindmia,
1088 2945 1122 3004 sit

174 3044 335 3106 necessaria
358 3043 393 3102 ud
420 3042 557 3101 meritum
583 3041 814 3120 assequendum?
853 3045 939 3124 Eeap.
970 3046 1121 3124 negative:

174 3167 319 3228 nusquam
342 3145 420 3206 euim
448 3145 629 3238 significatur
651 3147 713 3206 haec
739 3147 912 3222 necessitas3
940 3167 1040 3230 neque
1066 3151 1126 3211 uua,

173 3252 285 3312 rationo
297 3246 440 3326 probabili
453 3247 597 3308 suadetur.

218 3355 285 3411 186.
310 3348 457 3420 comitor
470 3347 511 3406 2⁰.
532 3349 581 3407 An
595 3367 668 3426 opus
680 3349 789 3409 factum
798 3367 837 3410 ex
848 3353 938 3424 metu,
953 3354 1120 3434 ceteroquin

174 3450 365 3521 meritorium,
389 3465 422 3506 eo
441 3446 504 3525 ipso
524 3447 629 3508 merito
649 3453 896 3510 careat-metum
914 3451 979 3511 dico
992 3453 1047 3530 qui
1065 3472 1119 3514 non

172 3551 294 3629 perimit
306 3545 495 3608 libertatem?
534 3547 1116 3626 Reap.exSnm.o.13,sedsummatiu
1188 3533 1189 3542 ἵ

176 3659 206 3711 ει
228 3647 367 3711 breviter.
411 3645 450 3704 1⁰.
472 3645 571 3706 Timor
590 3649 634 3708 est
646 3647 692 3709 vel
712 3649 805 3726 culpa
818 3650 868 3712 vel
886 3667 994 3730 poene
1036 3651 1069 3713 si
1081 3651 1115 3712 sit
