2410 4318
25 369 147 421 nssr.
167 343 254 439 ιιι]
348 341 404 413 Dc
421 339 542 414 Grctsb
557 339 656 434 Effic.
673 347 705 412 et
718 343 833 436 Suffic.
968 367 1026 420 ιιι

94 517 156 579 87.
180 515 272 594 neap.
293 512 451 592 Distinguo
470 513 659 575 antecedens:
682 513 750 580 Non
774 517 879 593 potest,
907 515 1031 577 necessi·

37 622 122 679 tate
140 615 341 694 consequenti
355 635 407 675 seu
421 634 506 675 seusu
527 614 693 692 composito,
703 615 783 693 quod
796 620 864 676 actu
878 617 928 678 sed
941 617 1032 677 libere

41 717 191 777 resistat
205 715 329 793 gratim
350 715 426 778 sicut
439 715 550 788 sedens,
563 714 634 773 dum
648 714 737 786 sedet,
753 734 812 775 non
825 721 922 794 potest
936 721 1030 778 stare:

46 818 227 878 Concedo:
256 816 438 877 Necessitate
459 816 641 876 antecedenti
670 835 720 876 seu
752 817 784 875 in
812 836 898 877 sensu
929 818 1031 890 diviso,

49 915 155 994 quasi
168 935 233 976 non
245 915 345 993 possit,
361 915 387 973 si
400 915 483 989 velit,
508 915 609 992 gratiae
631 915 721 976 libere
743 916 852 989 cedere,
867 917 910 975 ita
922 920 957 977 ut
967 937 1032 994 qnae

50 1039 149 1080 nunc
165 1023 215 1080 est
227 1038 305 1079 mere
319 1019 462 1079 sufficiens
477 1022 551 1078 esset
566 1018 685 1079 efficax:
709 1018 847 1098 sientffqui
859 1038 938 1079 nnnc
953 1020 1037 1083 sedet.

54 1124 183 1199 posset,
201 1120 228 1178 si
241 1120 378 1192 voluerit,
396 1139 475 1180 nunc
488 1123 583 1180 stare:
605 1122 696 1196 Nego.

109 1224 163 1278 88.
189 1219 293 1297 Olp'cct.
306 1224 333 1279 8.
356 1219 458 1279 Gratia
471 1238 547 1278 mere
558 1219 702 1278 sufficiens
713 1221 757 1278 est
770 1237 837 1294 ergo
849 1219 956 1278 donum
966 1219 1032 1280 Dei.

60 1321 152 1396 Ergo
167 1319 241 1378 licet
265 1339 326 1378 earn
342 1321 431 1379 uDeo
453 1322 557 1396 petere.
599 1319 656 1378 Sed
668 1319 722 1378 hoc
736 1322 811 1378 esset
830 1322 928 1396 petere
941 1339 959 1379 a
971 1320 1032 1379 Deo

64 1418 202 1495 gratiam
217 1437 282 1494 quae
293 1419 407 1478 cffiectu
421 1419 530 1478 carebit
546 1439 552 1478 :
574 1419 653 1496 quod
667 1437 735 1478 sane
748 1438 808 1476 non
821 1418 900 1480 licet.

113 1522 165 1577 89.
188 1517 273 1593 Bcsp.
303 1519 342 1579 10.
363 1518 521 1593 Distinguo
545 1518 740 1578 antecedens:
761 1520 815 1577 Est
839 1518 946 1576 donum
966 1518 1031 1588 Dei,

69 1615 224 1694 qnatenus
237 1619 282 1676 cst
292 1636 359 1676 vere
373 1618 526 1690 sufficiens,
548 1628 578 1676 et
597 1616 645 1676 boc
659 1621 702 1677 est
714 1619 811 1677 totum
826 1617 936 1678 aDeo:
959 1618 1032 1678 Gon·

71 1719 160 1779 cedo:
184 1719 336 1786 Quatenus
349 1722 394 1778 est
407 1738 483 1779 mere
502 1718 646 1778 sufficiens
667 1738 718 1778 seu
738 1718 846 1778 effectu
861 1738 969 1790 carens,
984 1719 1034 1779 vel

72 1818 176 1896 potius
199 1819 262 1895 ipsa
285 1819 405 1880 effectus
427 1820 554 1879 carentia
576 1821 620 1878 est
643 1819 750 1878 donum
763 1819 838 1880 Dei:
861 1821 962 1896 Nego:
985 1820 1033 1878 loc

75 1921 156 1980 cnim
169 1922 265 1979 totum
279 1921 315 1980 ab
328 1919 445 1980 homine
458 1923 511 1992 est,
527 1920 605 1998 quod
616 1921 695 1980 Deus
715 1920 881 1980 nullomodo
896 1921 1033 1980 sutfecit

78 2023 131 2080 aut
144 2019 220 2080 vult.
262 2017 304 2090 2⁰,
320 2019 477 2095 Distinguo
488 2037 682 2096 consequens:
704 2019 788 2080 Licet
798 2023 894 2097 petere
908 2020 1032 2095 gratiam

80 2118 269 2180 sufficientem
283 2119 454 2196 simpliciter
467 2119 608 2198 quomodo
619 2120 704 2179 aDeo
713 2119 864 2196 provenit:
888 2119 1032 2179 Concedo:

80 2219 164 2280 Licet
176 2223 273 2297 pctore
282 2220 437 2282 carentiam
445 2220 565 2281 effectus
574 2221 645 2299 ejus,
657 2220 709 2281 i.e.
721 2223 872 2298 peccatum
882 2223 1012 2297 nostrum
1024 2241 1031 2281 ι

82 2321 173 2397 Nego.

124 2425 169 2482 90.
193 2420 293 2497 Objcct.
309 2426 336 2482 9.
357 2421 487 2482 Ecclesia
499 2421 531 2480 in
545 2420 677 2480 omnibus
691 2418 752 2479 suis
767 2419 946 2479 orationibus
957 2419 1034 2496 petit

85 2520 201 2597 gratiam
215 2522 366 2582 efficacem.
406 2522 484 2598 Ergo
506 2519 644 2597 supponit
667 2537 725 2578 non
746 2519 809 2578 dari
828 2519 951 2595 gratiam
964 2538 1032 2580 vere
1065 2516 1068 2523 ’

86 2620 270 2680 sufficientem
284 2639 350 2697 quoe
364 2640 424 2679 non
437 2624 481 2680 est
494 2621 606 2680 efficax.

127 2723 171 2778 91.
191 2721 273 2794 Resp.
284 2720 321 2778 ad
334 2721 515 2780 antecedens.
559 2720 602 2781 10.
623 2717 754 2778 Ecclesia
773 2717 805 2775 in
819 2715 880 2776 suis
893 2715 1032 2776 orationi-

88 2817 141 2876 bus
161 2814 311 2892 cliquando
335 2816 411 2891 petit
434 2815 558 2890 gratiam
581 2815 709 2873 adhunc
727 2814 775 2874 vel
798 2813 883 2872 illum
897 2813 1034 2872 effectum

92 2915 238 2974 salutarem
252 2915 473 2992 assequendum,
497 2914 651 2990 aliquando
665 2913 763 2990 ipsum
777 2913 913 2972 effectum
927 2912 1034 2972 directe

91 3013 168 3091 petit,
188 3013 289 3090 utique
309 3032 361 3090 per
384 3013 507 3090 gratiam
528 3014 747 3090 assequendum.
789 3012 949 3089 Utriusque
970 3032 1033 3072 ora·

92 3113 172 3174 tionis
192 3115 312 3172 formum
335 3114 424 3172 habes
448 3115 479 3172 in
502 3114 597 3190 prima
628 3114 719 3173 Missa
742 3113 812 3173 anni
834 3113 1031 3186 ecclesiastici,

94 3233 195 3290 nempe,
209 3213 368 3273 Dominicae
382 3214 484 3290 primae
504 3214 666 3288 Adventus,
683 3213 715 3272 in
729 3214 840 3273 duabus
854 3213 956 3288 primis
970 3232 1032 3272 ora·

96 3312 218 3372 tionibus.
258 3313 296 3372 In
310 3313 404 3390 prima
417 3317 480 3372 orat
492 3316 526 3372 ut
540 3333 557 3372 a
570 3319 755 3390 peccatorum
775 3317 941 3372 nostrorum
954 3311 1031 3389 peri-

97 3411 170 3485 culis,
189 3412 399 3486 neocesareae,
419 3431 580 3473 mereamur
600 3414 724 3474 calcari:
744 3413 776 3472 in
800 3413 890 3472 cltera
913 3416 975 3471 orat
998 3416 1033 3472 ut

97 3511 334 3572 intercessionibus
353 3511 453 3572 Mariae
466 3511 599 3591 Virginis
622 3514 792 3590 cdy'cccmar.
835 3510 893 3570 Sed
912 3510 944 3569 in
958 3512 1030 3570 alte-

98 3615 169 3684 rutra
178 3611 264 3678 ferma
277 3611 430 3689 rarissime,
446 3615 481 3686 ut
494 3617 575 3703 puto,
591 3611 686 3686 utitur
705 3610 845 3682 vocabulo
868 3614 888 3646 “
900 3610 1030 3682 effican''
