2424 4300
54 400 139 446 mse.
157 380 207 464 v.]
252 380 312 445 De
329 379 449 444 Gralziz
465 377 555 442 Med.
572 377 899 462 etElev..-—posz'tzbe.
958 401 1013 458 ¹41

55 548 135 604 Bene
154 548 261 606 antem
278 546 344 605 fieri
361 550 457 622 potest
476 549 512 604 ut
531 545 748 621 perseverantia
765 563 842 603 mere
863 545 966 616 aotiva,
988 546 1018 604 in

53 647 168 707 ratione
190 647 300 722 gratiae
320 645 501 717 auxiliantis,
521 646 606 720 longe
621 645 764 722 longeque
780 647 937 705 antecellat
954 667 1018 724 per·

53 743 230 802 severantiae
251 742 386 819 passivae,
409 746 476 819 post
492 740 632 818 exignum
653 741 781 817 spatium
794 741 864 800 vitae
886 742 917 798 in
938 761 1018 801 sano·

53 843 141 902 titate
160 845 369 902 transactum:
399 834 429 902 et
447 841 509 900 sine
530 841 618 899 dubio
639 840 817 900 multisunt
838 840 870 900 in
893 842 1017 912 inferno,

54 943 106 1018 qui
115 943 206 1018 longe
221 941 338 1019 majora
350 941 461 1000 auxilia
470 941 572 1016 gratiae
586 944 757 1018 reoeperunt
773 960 860 1017 quam
872 941 923 1000 alii
932 941 1020 1000 multi

52 1043 105 1118 qni
131 1041 165 1100 in
190 1041 275 1101 eoelo
303 1045 382 1100 sunt.
423 1041 564 1100 Attamen
588 1041 650 1100 haee
676 1040 901 1117 perseverantia,
931 1041 1020 1098 etiam

52 1161 126 1216 pure
139 1141 272 1218 passiva,
283 1139 317 1198 in
329 1141 442 1198 ratione
455 1140 599 1210 beneficii,
610 1159 793 1217 quacumque
806 1140 1021 1216 perseverantia

54 1261 125 1317 pure
140 1241 243 1300 activa
255 1240 524 1318 incomparabiliter
538 1241 629 1318 major
643 1244 696 1300 est.
723 1241 845 1316 Souara,
858 1259 882 1301 e.
894 1246 921 1310 4,
934 1260 962 1299 11.
974 1244 1019 1300 14.

96 1348 144 1404 54.
166 1345 218 1402 Ex
234 1343 333 1414 dietis,
348 1362 378 1402 n.
394 1347 440 1413 50,
457 1348 486 1400 et
500 1342 619 1418 quidem
637 1362 689 1418 per
710 1360 740 1400 se
755 1346 785 1400 et
796 1341 889 1418 primo
904 1343 1018 1409 obtutu,
1132 1423 1134 1426 Ι

56 1443 177 1502 evidens
197 1447 245 1502 est
259 1442 504 1519 perseverantiam
519 1441 664 1518 passivam
680 1461 819 1518 magnum
838 1443 1020 1500 essedorum
1079 1501 1084 1512 ,

56 1543 112 1602 Dei
125 1547 159 1602 et
170 1543 335 1620 specialem
348 1541 470 1618 gratiam
484 1563 491 1612 ;
514 1543 593 1618 quod
606 1562 624 1600 a
636 1541 752 1602 nemine
764 1546 899 1618 negatur.
928 1542 1020 1602 Semi-

57 1642 214 1719 pelagiani,
233 1643 313 1702 sient
325 1661 384 1700 non
397 1642 543 1717 negabant
555 1641 757 1700 necessitatem
770 1641 870 1717 gratiae
886 1642 922 1700 ad
935 1642 1020 1700 fidem

59 1745 89 1800 et
101 1742 233 1818 primum
250 1762 325 1819 opus
345 1742 474 1800 salutare
494 1741 671 1813 faciendum,
696 1743 746 1800 sed
766 1742 945 1802 affirmarunt
959 1761 1022 1800 eam

59 1841 186 1916 gratiam
199 1842 267 1902 dari
282 1841 470 1920 (regulariter
484 1841 601 1919 saltem)
621 1841 734 1900 intuitu
747 1842 816 1900 boni
830 1842 925 1918 operis
937 1846 1021 1900 netu·

59 1941 128 2000 ralis
147 1941 354 2019 precedentis,
377 1947 406 1999 et
428 1961 465 1999 ex
486 1941 616 2017 ejusdem
640 1941 745 2000 morito
768 1942 866 2019 aliquo
890 1943 931 2020 (d.
950 1948 975 2012 3,
990 1963 1020 2000 n.

61 2044 107 2113 22,
124 2041 190 2118 tao.)
203 2063 211 2115 3
232 2041 278 2100 ita
291 2059 350 2099 non
362 2041 509 2116 negabant
522 2039 725 2100 necessitatem
738 2041 840 2122 gratiae
855 2042 978 2100 actualis
990 2041 1022 2100 in

59 2142 137 2216 justo
151 2143 190 2202 ad
203 2161 294 2220 opera
314 2142 454 2202 salutaria
468 2141 707 2218 justificationem
729 2143 935 2220 subsequentia
951 2143 1021 2202 faoi·

62 2243 144 2312 enda,
169 2246 201 2302 et
218 2261 288 2317 ergo
306 2243 343 2300 ad
362 2241 610 2318 perseverantiam
627 2242 752 2300 activam
766 2244 952 2313 habendam
974 2243 1022 2302 sed

64 2339 204 2401 dixerunt
217 2343 290 2402 istas
308 2341 418 2418 gratias
438 2341 576 2418 repetitas
595 2343 730 2419 operibus
743 2344 927 2402 naturalibus
939 2363 1022 2420 repe-

64 2440 137 2513 titis,
164 2448 200 2500 ut
226 2441 376 2513 desiderii,
400 2440 550 2511 orationis,
566 2443 628 2511 dre,
650 2442 834 2518 respondere,
860 2448 890 2500 et
909 2442 1024 2501 intuitu

65 2557 162 2599 eornm
182 2543 275 2611 dari;
296 2545 327 2600 et
348 2541 453 2601 ideireo
476 2541 707 2618 permanentiam
727 2541 808 2600 illam
830 2542 954 2600 inbono
973 2562 1025 2618 per

64 2639 169 2712 gratias
178 2641 254 2700 istas
265 2641 397 2700 effectam
406 2661 464 2700 non
474 2660 534 2700 esse
543 2661 581 2700 ex
591 2641 686 2716 gratia
694 2643 823 2717 gratuita
833 2641 852 2700 i.
863 2661 888 2701 e.
898 2661 955 2699 non
964 2661 1025 2700 esse

64 2755 100 2795 ex
113 2741 290 2814 gratia-de
309 2741 433 2800 essentia
447 2741 524 2799 enim
535 2741 638 2816 gratiae
655 2745 708 2813 est,
725 2741 827 2800 saltem
841 2741 873 2800 in
887 2741 1025 2818 praesenti

66 2838 173 2913 ordine,
188 2847 227 2901 ut
241 2841 280 2900 sit
293 2841 422 2917 gratuita
439 2861 446 2900 ι
471 2841 498 2899 d.
515 2843 543 2899 3.
588 2845 607 2875 “
618 2841 684 2900 Hos
698 2851 794 2899 autem
810 2841 919 2920 [gratia
938 2841 1023 2918 adju·

66 2938 172 3000 terium
197 2947 318 3020 propter
348 2941 485 3000 meritum
518 2941 651 3000 naturale
678 2941 795 3020 datum]
824 2961 883 3000 non
910 2945 1025 3001 tantum

67 3035 271 3118 intelligebant
285 3044 320 3102 de
335 3063 392 3102 nno
406 3043 500 3119 primo
515 3042 636 3116 auxilio,
658 3063 710 3120 per
724 3045 802 3120 quod
819 3044 934 3122 reliqua
947 3044 1025 3104 obti-

70 3141 184 3215 nebant,
200 3144 355 3204 sedetiam
369 3145 405 3204 de
418 3143 522 3202 multis
543 3144 618 3216 aliis,
642 3164 707 3221 quae
721 3165 773 3222 per
786 3146 855 3204 vitae
874 3147 1026 3204 desursum

71 3249 188 3313 possunt
200 3247 331 3305 homines
344 3265 400 3305 usu
411 3263 472 3304 suae
482 3244 637 3318 libertatis,
652 3265 764 3323 suoque
778 3248 905 3306 humano
918 3247 1024 3318 labore,

73 3340 107 3398 ad
127 3346 369 3418 perseverandum
393 3350 424 3404 et
444 3345 630 3404 arescendum
649 3346 682 3404 in
699 3346 819 3423 justitia
838 3347 1025 3423 promereri.”

75 3443 197 3506 “Nullo
216 3449 302 3506 modo
323 3446 477 3506 admittere
491 3446 629 3506 volebant
649 3448 874 3524 praevenientem
895 3447 1026 3522 gratiam,

77 3560 132 3617 qua
145 3547 224 3607 Deus
242 3548 314 3616 tacit
326 3552 361 3608 ut
373 3547 515 3620 velimus;
537 3551 566 3607 et
579 3548 612 3628 in
629 3549 682 3606 hoo
700 3549 950 3624 reprehendebant
963 3548 1026 3606 doe·

76 3641 178 3706 trinam
192 3648 352 3725 Augustini
366 3632 506 3724 tanquam
520 3648 650 3708 libertati
664 3648 844 3708 contrariam.
882 3647 946 3725 Ipsi
960 3667 1028 3706 vero
