2402 4292
81 414 177 472 mse.
194 395 282 481 vnn]
336 393 515 461 Concordia
533 395 657 476 Gratia
670 401 703 462 el
714 393 902 463 Libertatis.
977 389 1038 486 277

75 561 493 640 pereendemscientiam,non
502 565 599 623 autem
608 565 685 642 quod
693 565 787 642 reipsa
796 565 859 625 scit.
881 565 975 631 Quare
984 583 1041 624 non

78 667 134 723 est
146 661 239 738 magis
250 662 384 722 innatum
397 663 458 722 Deo
468 663 540 722 scire
549 683 601 741 per
613 663 834 724 cumscientiam
846 665 921 725 hano
929 667 1041 742 partem

78 761 324 822 contradictionis
337 764 373 822 ab
387 763 506 821 arbitrio
527 766 621 822 create
641 763 814 840 pendentem
828 781 916 840 quam
930 763 1042 841 opposi-

78 865 159 920 tam.
209 861 373 920 Dicendum
405 881 472 937 ergo
496 865 541 920 est
573 863 681 939 partim
709 863 816 922 habere
847 863 1042 922 conditionem

79 959 218 1020 scientiae
236 961 386 1045 naturalis,
411 954 553 1037 quatenus
575 961 719 1038 praeveuit
743 966 840 1021 actum
853 961 978 1022 liberum
990 982 1041 1022 vo·

77 1056 211 1116 luntatis
233 1057 351 1128 divinae,
376 1075 471 1134 neque
494 1057 526 1116 in
549 1062 694 1135 potestate
713 1058 769 1117 Dei
782 1057 841 1118 fuit
854 1059 934 1118 eliud
950 1060 1040 1132 scire3

77 1158 195 1237 partim
208 1158 313 1218 habere
326 1157 519 1219 conditionem
540 1159 668 1219 scientiae
681 1153 790 1233 liberes,
807 1163 951 1237 quatenus
965 1162 1041 1237 quod

79 1259 127 1318 sit
150 1257 240 1317 unius
260 1253 358 1334 potius
379 1260 472 1334 partis
492 1277 582 1336 quam
605 1257 725 1319 alterius
746 1259 836 1318 habet
853 1279 891 1318 ex
911 1279 944 1319 eo
965 1261 1042 1336 quod

77 1358 212 1417 liberum
237 1356 399 1431 arbitrium,
428 1377 467 1416 ex
493 1358 650 1435 hypothesi
669 1359 748 1436 quod
768 1363 912 1418 crearetur
931 1359 963 1418 in
983 1377 1041 1418 uuo

80 1463 140 1518 aut
170 1459 259 1519 altero
287 1458 386 1518 ordine
414 1477 520 1532 rerum,
550 1463 626 1518 esset
652 1458 750 1537 potius
775 1459 924 1519 iacturum
949 1479 1041 1520 unum

80 1575 175 1632 quam
209 1554 299 1626 aliud,
328 1573 396 1613 cum
415 1553 560 1613 utrumvis
579 1555 780 1615 indifferenter
813 1560 910 1632 posset
937 1555 1040 1615 facere.

81 1658 189 1732 Atque
202 1654 256 1713 hoc
267 1673 335 1713 sane
344 1654 475 1730 postulet
489 1653 608 1714 libertas
619 1653 733 1714 arbitrii
746 1657 844 1724 creati,
859 1673 934 1731 quae,
948 1655 1043 1732 posita

80 1753 175 1814 etiam
197 1753 378 1830 prescientia
400 1753 509 1825 divina,
538 1773 597 1812 uon
624 1754 722 1814 minus
749 1759 794 1814 est
814 1754 928 1815 deiide
955 1773 1041 1833 quam

81 1854 187 1914 eadem
199 1852 381 1931 praescientia
393 1858 424 1912 et
436 1853 658 1930 praedestinatio.

128 1955 197 2012 101.
219 1954 295 2013 “Ne
308 1972 376 2013 vero
396 1953 489 2030 primo
503 1971 554 2013 suo
568 1957 688 2032 aspectu
707 1955 737 2014 te
756 1953 818 2014 hec
832 1953 962 2014 doctrina
973 1973 1040 2032 per·

81 2053 196 2125 turbet,
208 2056 354 2113 memento
367 2052 424 2112 ista
434 2052 533 2111 omnia
545 2071 611 2130 que
626 2055 789 2131 sequuntur
802 2053 951 2131 aptissime
965 2053 1042 2115 inter

82 2171 115 2212 se
130 2152 284 2214 convenire
293 2157 323 2212 et
333 2153 493 2226 cohaerere;
515 2152 602 2235 Nihil
615 2173 676 2213 esse
688 2153 721 2212 in
734 2157 877 2231 potestate
890 2157 1039 2229 creature,
1145 2221 1154 2240 ⁶

82 2256 267 2336 quodetiam
290 2274 349 2314 non
372 2255 411 2314 sit
430 2254 463 2313 in
483 2257 627 2332 potestate
640 2255 713 2326 Dci;
735 2256 833 2314 Deum
847 2275 899 2315 sua
912 2257 1041 2334 omnipo·

80 2355 181 2417 tentia
193 2355 340 2414 inflectere
352 2373 434 2430 posse
446 2357 578 2414 nostrum
598 2353 724 2412 liberum
737 2353 889 2413 arbitrium
903 2374 1042 2432 quocum·
1094 2361 1103 2380 ⁰

82 2475 145 2534 que
155 2455 218 2532 ipse
227 2454 361 2527 voluerit,
373 2459 564 2530 praeterquam
572 2452 604 2511 in
614 2457 780 2529 peceatum
797 2455 892 2512 Deum
902 2454 1042 2530 quicquid

82 2557 158 2616 facit
167 2555 333 2615 interventu
344 2573 437 2613 causae
448 2553 580 2613 secundae
594 2571 677 2629 posse
691 2551 803 2611 efficere
816 2571 846 2611 se
860 2553 929 2624 solo,
939 2553 997 2612 nisi
1010 2553 1042 2612 in

83 2655 194 2718 effectu
206 2655 374 2715 involvatur
381 2658 416 2713 ut
429 2653 468 2712 sit
477 2673 495 2712 a
504 2671 591 2723 causa
603 2651 746 2724 secunde;
768 2651 864 2711 Deum
875 2651 1042 2728 permittere

82 2757 308 2834 possepeceata,
333 2774 393 2814 non
415 2773 484 2814 vero
504 2751 660 2830 precipere
684 2753 736 2811 aut
757 2751 794 2810 ad
807 2770 841 2810 ea
853 2750 975 2810 incitare
994 2751 1043 2811 vel

82 2855 228 2915 inclinare
243 2877 251 2927 ς
271 2855 344 2914 item
354 2854 432 2931 quod
445 2871 491 2912 res
504 2852 595 2912 libero
605 2851 724 2912 arbitrio
734 2850 867 2928 praedita,
882 2850 907 2909 si
920 2850 953 2910 in
966 2855 1042 2911 certo

84 2959 188 3018 ordine
200 2977 298 3018 rerum
312 2962 342 3016 et
357 2955 638 3016 circumstantiarum
652 2954 817 3027 collocetur,
838 2953 870 3013 in
889 2973 978 3015 unam
992 2958 1044 3014 aut

85 3059 208 3118 alteram
221 3064 333 3135 partem
347 3077 377 3117 se
389 3057 497 3129 flectat,
512 3075 567 3115 nou
584 3055 733 3132 perrecin
746 3075 779 3113 eo
788 3055 963 3131 praecientia
975 3055 1039 3129 Dei,

85 3161 155 3236 quin
174 3159 270 3236 potius
292 3159 354 3217 ideo
376 3159 470 3216 Deum
493 3157 526 3214 id
546 3156 703 3231 maceries,
728 3155 795 3232 quio
818 3156 882 3230 apro
901 3154 1043 3215 restitero

86 3259 204 3319 wtitrio
214 3261 341 3337 praedito
355 3259 437 3317 litere
447 3258 480 3316 id
491 3257 581 3333 ipsum
596 3275 673 3333 aque
686 3255 769 3326 debet,
784 3274 878 3332 neque
891 3255 1043 3331 provenire

87 3379 126 3417 ex
139 3378 172 3418 eo
186 3360 263 3437 quod
278 3361 359 3418 Deus
372 3358 446 3418 velit
469 3357 500 3415 id
522 3358 557 3415 ab
582 3375 616 3415 ee
634 3354 708 3426 fieri,
725 3355 773 3414 sed
789 3374 827 3413 ex
840 3374 873 3413 eo
887 3354 965 3430 quod
978 3354 1044 3430 ipsa

87 3460 178 3519 libere
204 3459 235 3517 id
261 3459 335 3518 velit
361 3459 464 3517 facere.
506 3455 581 3513 Inde
607 3471 675 3513 vero
703 3452 883 3530 apertissime
910 3453 1044 3528 sequitur
1090 3465 1093 3472 ’
1187 3463 1192 3474 ’

87 3558 238 3618 scientiam
248 3577 306 3635 qua
316 3559 404 3627 Deus,
421 3559 575 3632 antequem
587 3556 696 3612 statuat
707 3571 769 3610 eam
781 3569 885 3623 creare,
901 3551 1043 3627 presidet

88 3659 159 3736 quid
172 3660 211 3718 sit
235 3659 357 3731 iactura,
380 3677 418 3717 ex
441 3653 599 3734 hypothesi
622 3653 701 3730 quod
723 3651 756 3711 in
775 3671 809 3712 eo
822 3669 920 3711 rerum
941 3651 1042 3712 ordine
