2410 4314
171 425 212 497 48
539 417 594 481 De
619 415 748 482 Gratzb.
832 387 834 392 Ι
970 417 1070 501 [mer.
1088 438 1125 482 ιι.

171 585 271 656 oratio,
297 583 453 642 orationem
483 583 547 642 dico
573 601 633 640 non
659 583 754 640 solum
780 582 874 641 laudis
901 585 931 642 et
962 581 1124 660 gratiarum

172 684 291 744 actionis
309 685 367 754 sed,
384 688 413 741 et
435 683 467 740 id
490 681 643 758 imprimis,
660 682 818 740 orationem
841 681 999 757 petitionis.
1041 683 1127 743 Esset

171 803 238 858 ergo
258 782 425 855 necessario,
440 781 471 839 in
490 780 569 839 omni
585 799 765 858 quocumque
786 785 865 841 statu
885 781 950 840 talis
973 786 1124 856 creatura,
1190 763 1191 804 ³

172 882 296 942 officium
309 881 442 959 precibus
455 880 573 957 petendi
593 900 610 938 a
624 881 695 950 Deo,
711 884 740 939 ot
754 881 880 938 maxime
903 887 932 938 et
946 886 1013 941 ante
1030 883 1128 962 ompia

172 981 289 1058 petendi
311 979 432 1051 auxilia,
454 977 561 1055 quibus
582 977 645 1054 ipsa
666 980 797 1037 creatura
817 989 914 1054 posset
930 980 1018 1036 finem
1041 999 1127 1039 suum

172 1082 309 1140 ultimum
323 1079 439 1157 assequi
456 1083 487 1138 et
500 1077 588 1137 etiam
601 1077 755 1137 efficaciter
768 1082 978 1155 assequeretur,
993 1079 1041 1140 ic.
1063 1081 1129 1140 aliis
1191 1077 1192 1104 ³

173 1181 276 1250 verbis,
292 1181 409 1258 petendi
422 1178 534 1238 auxilia
549 1177 655 1255 quibus
668 1183 764 1255 posset
777 1199 863 1256 opera
876 1198 935 1238 suae
949 1180 1023 1255 legis
1038 1181 1129 1240 ardua

173 1287 308 1359 praestare
322 1285 352 1341 et
364 1299 467 1357 graves
479 1279 654 1340 tentationes
667 1279 791 1340 vincere.
831 1280 905 1339 Haec
919 1284 1016 1339 autem
1030 1301 1129 1341 neccs-

174 1381 244 1440 sitas
257 1381 357 1439 orandi
370 1381 456 1456 plano
470 1378 608 1455 supponit
621 1379 697 1437 vires
711 1379 747 1438 ad
760 1381 817 1437 ista
835 1379 892 1438 duo
906 1379 1058 1440 efficienda
1070 1401 1129 1440 non

173 1482 297 1540 existere
317 1481 349 1538 in
369 1479 432 1556 ipsa
455 1483 561 1538 natura
582 1479 715 1555 proxime
739 1479 923 1550 sufficientes,
948 1480 997 1538 sed
1020 1499 1038 1538 a
1065 1483 1129 1541 Deo

173 1580 336 1658 specialiter
357 1579 518 1639 auxiliante
536 1579 683 1638 habendas
704 1599 765 1638 esse
781 1600 833 1656 per
852 1579 928 1640 vires
946 1599 1019 1657 quas
1039 1581 1130 1641 habet

173 1680 303 1758 proxime
317 1679 489 1738 sufficientes
503 1679 540 1737 ad
554 1679 703 1737 orandum.

213 1785 261 1838 9⁵.
289 1780 331 1840 Ut
353 1782 491 1838 creaturae
512 1778 623 1838 ratione
645 1782 786 1854 expertes,
813 1779 971 1836 secundum
997 1781 1131 1856 proprios

173 1879 353 1954 singularum
379 1879 452 1936 fines
478 1880 574 1954 agant,
598 1877 746 1936 sufficiunt
773 1897 840 1934 sane
867 1876 943 1936 vires
969 1897 1042 1954 quas
1066 1879 1130 1955 jam

175 1980 291 2052 habent,
306 1998 371 2036 cum
386 1997 527 2036 concursu
540 1977 595 2035 Dei
609 1976 735 2052 generali
749 1995 801 2035 seu
815 1975 934 2053 physico
948 1981 978 2034 et
990 1977 1054 2036 sine
1068 1978 1131 2037 ullo
1193 1981 1194 1990 ’

134 2153 139 2166 ι
174 2078 285 2138 auxilio
300 2077 425 2154 speciali.
474 2077 570 2136 Aliter
584 2080 681 2135 autem
702 2095 731 2134 sc
745 2095 790 2135 res
802 2077 890 2135 habet
904 2095 971 2134 cum
989 2079 1132 2137 creaturis

174 2176 430 2248 intellectualibus,
447 2194 521 2253 quae,
546 2195 612 2234 cum
634 2175 726 2234 libero
749 2174 867 2234 arbitrio
890 2174 1020 2248 gaudent
1039 2179 1071 2235 et
1094 2177 1132 2235 ad

174 2278 262 2336 finem
275 2274 464 2336 beatitudiuis
483 2278 631 2352 perpetuae
645 2274 823 2347 ordinantur,
844 2274 959 2344 idcirco,
973 2277 1009 2332 ut
1021 2275 1133 2351 passim
1194 2255 1195 2298 ³

175 2377 278 2436 docent
291 2380 321 2436 et
334 2376 458 2453 probant
472 2378 612 2448 auctores,
628 2373 811 2450 providentia
830 2372 948 2450 speciali
962 2393 1014 2433 sou
1026 2376 1133 2434 morali

175 2477 384 2552 gubernantur.

216 2582 263 2635 96.
295 2577 368 2636 Haec
395 2573 499 2634 solutio
526 2593 584 2633 non
612 2574 704 2631 solum
730 2573 895 2632 nullomodo
923 2572 1018 2632 aliena
1044 2577 1092 2634 cst
1116 2596 1134 2634 a
1194 2593 1195 2596 ’

176 2677 306 2736 doctrina
319 2695 406 2753 quam
427 2693 644 2751 propugnamus
657 2673 692 2731 de
714 2676 805 2732 status
818 2677 930 2732 natura
943 2691 1025 2750 purae
1038 2673 1133 2751 possi-

176 2776 297 2848 bilitate,
314 2794 415 2834 verum
435 2775 522 2832 etiam
539 2792 601 2831 eam
621 2773 700 2830 haud
719 2791 822 2848 parum
841 2772 954 2848 expolit
971 2777 1002 2832 at
1020 2773 1131 2834 firmat.

176 2876 224 2933 Ex
243 2876 333 2934 altera
353 2875 430 2933 enim
449 2875 539 2948 parte,
556 2876 722 2930 sartatecta
742 2875 926 2932 conservatur
945 2875 1045 2932 nostra
1065 2875 1133 2934 doc·

177 2974 262 3046 trina,
278 2991 342 3051 quae
363 2971 486 3029 affirmat
499 2969 665 3046 possibilem
679 2989 739 3030 esse
760 2973 866 3029 statum
881 2990 898 3028 a
918 2990 1058 3048 quocum
1073 2974 1134 3034 fine

177 3070 390 3150 supernaturali
403 3071 537 3129 exularet
547 3069 640 3128 omnis
653 3069 746 3146 gratia
760 3070 883 3142 elevans,
896 3070 973 3129 nihil
986 3072 1136 3132 affirmans

177 3174 212 3230 de
232 3169 351 3229 auxiliis
369 3168 590 3227 medicinalibus
604 3188 657 3228 seu
676 3189 748 3246 pure
762 3169 959 3244 naturalibus;
980 3190 1019 3230 ex
1039 3173 1135 3232 altera

177 3289 254 3343 vcro,
270 3270 332 3328 haec
350 3267 455 3327 solutio
473 3268 595 3326 affirmat
610 3267 817 3344 impossibilem
838 3288 898 3328 esse
919 3288 1136 3350 quamcumque

179 3373 295 3440 statum,
311 3367 343 3426 in
365 3386 423 3443 quo
446 3371 578 3425 creatura
599 3366 748 3426 rationalis
771 3367 859 3426 finem
883 3387 967 3426 suum
992 3369 1134 3430 ultimum

177 3467 367 3528 beatitudinis
388 3465 475 3525 ctiam
497 3466 648 3538 naturalis,
663 3465 731 3525 solis
752 3485 812 3525 suae
834 3471 945 3526 natura
967 3457 1084 3529 viribus
1104 3477 1136 3530 et
1194 3503 1195 3506 ¹

179 3569 286 3645 absque
308 3566 371 3624 ullo
393 3565 509 3642 speciali
530 3564 641 3624 auxilio
663 3564 729 3638 Dei,
748 3565 890 3642 attingere
911 3570 1014 3643 posset.
1058 3570 1135 3628 Haec

179 3671 277 3728 autem
304 3667 361 3726 duo
384 3665 459 3724 inter
484 3684 514 3724 se
541 3664 627 3741 plene
651 3667 681 3724 et
707 3665 820 3742 integre
847 3665 1015 3726 concinunt.
1066 3669 1134 3728 Hac
