<?xml version="1.0" encoding="UTF-8"?>
<!DOCTYPE html PUBLIC "-//W3C//DTD XHTML 1.0 Transitional//EN"
    "http://www.w3.org/TR/xhtml1/DTD/xhtml1-transitional.dtd">
<html xmlns="http://www.w3.org/1999/xhtml" xml:lang="en" lang="en">
 <head>
  <title>
</title>
<meta http-equiv="Content-Type" content="text/html;charset=utf-8" />
  <meta name='ocr-system' content='tesseract 3.04.00' />
  <meta name='ocr-capabilities' content='ocr_page ocr_carea ocr_par ocr_line ocrx_word'/>
</head>
<body>
  <div class='ocr_page' id='page_1' title='image "./tractatusdegrat00murrgoog_0485.png"; bbox 0 0 2408 4304; ppageno 0'>
   <div class='ocr_carea' id='block_1_1' title="bbox 438 697 845 776">
    <p class='ocr_par' dir='ltr' id='par_1_1' title="bbox 438 697 845 776">
     <span class='ocr_line' id='line_1_1' title="bbox 438 697 845 776; baseline -0.005 -20"><span class='ocrx_word' id='word_1_1' title='bbox 438 697 454 776; x_wconf 66' lang='grc'>5</span> <span class='ocrx_word' id='word_1_2' title='bbox 469 702 497 756; x_wconf 79' lang='lat'><strong>2.</strong></span> <span class='ocrx_word' id='word_1_3' title='bbox 516 697 669 772; x_wconf 76' lang='lat' dir='ltr'><strong>Principia</strong></span> <span class='ocrx_word' id='word_1_4' title='bbox 684 698 845 756; x_wconf 66' lang='lat' dir='ltr'><strong>colet-icere.</strong></span> 
     </span>
    </p>
   </div>
   <div class='ocr_carea' id='block_1_2' title="bbox 160 855 1187 3714">
    <p class='ocr_par' dir='ltr' id='par_1_2' title="bbox 160 855 1127 1522">
     <span class='ocr_line' id='line_1_2' title="bbox 200 855 1123 933; baseline 0.002 -20"><span class='ocrx_word' id='word_1_5' title='bbox 200 860 227 913; x_wconf 83' lang='lat'><strong>9.</strong></span> <span class='ocrx_word' id='word_1_6' title='bbox 249 855 415 932; x_wconf 80' lang='lat' dir='ltr'>Respondet</span> <span class='ocrx_word' id='word_1_7' title='bbox 439 855 468 914; x_wconf 80' lang='lat' dir='ltr'><strong>S.</strong></span> <span class='ocrx_word' id='word_1_8' title='bbox 485 857 522 912; x_wconf 86' lang='lat' dir='ltr'><strong>A.</strong></span> <span class='ocrx_word' id='word_1_9' title='bbox 537 875 599 914; x_wconf 84' lang='lat' dir='ltr'><strong>eam</strong></span> <span class='ocrx_word' id='word_1_10' title='bbox 619 874 678 914; x_wconf 92' lang='lat' dir='ltr'><strong>non</strong></span> <span class='ocrx_word' id='word_1_11' title='bbox 696 857 838 914; x_wconf 86' lang='lat' dir='ltr'><strong>sufficere.</strong></span> <span class='ocrx_word' id='word_1_12' title='bbox 883 856 965 921; x_wconf 78' lang='lat' dir='ltr'><strong>Quia</strong></span> <span class='ocrx_word' id='word_1_13' title='bbox 988 857 1013 914; x_wconf 88' lang='lat' dir='ltr'><strong>is</strong></span> <span class='ocrx_word' id='word_1_14' title='bbox 1032 857 1123 933; x_wconf 89' lang='lat' dir='ltr'><strong>quiin</strong></span> 
     </span>
     <span class='ocr_line' id='line_1_3' title="bbox 160 952 1122 1030; baseline 0.002 -18"><span class='ocrx_word' id='word_1_15' title='bbox 160 952 238 1013; x_wconf 86' lang='lat' dir='ltr'><strong>idem</strong></span> <span class='ocrx_word' id='word_1_16' title='bbox 251 959 401 1030; x_wconf 59' lang='lat' dir='ltr'><strong>pecodum</strong></span> <span class='ocrx_word' id='word_1_17' title='bbox 415 954 515 1012; x_wconf 88' lang='lat' dir='ltr'><strong>eodem</strong></span> <span class='ocrx_word' id='word_1_18' title='bbox 524 956 608 1012; x_wconf 91' lang='lat' dir='ltr'><strong>modo</strong></span> <span class='ocrx_word' id='word_1_19' title='bbox 618 953 680 1012; x_wconf 82' lang='lat' dir='ltr'><strong>sine</strong></span> <span class='ocrx_word' id='word_1_20' title='bbox 689 955 752 1012; x_wconf 83' lang='lat' dir='ltr'><strong>ulle</strong></span> <span class='ocrx_word' id='word_1_21' title='bbox 762 955 971 1014; x_wconf 82' lang='lat' dir='ltr'><strong>emendatione</strong></span> <span class='ocrx_word' id='word_1_22' title='bbox 982 957 1122 1026; x_wconf 87' lang='lat' dir='ltr'><strong>reincidit,</strong></span> 
     </span>
     <span class='ocr_line' id='line_1_4' title="bbox 161 1053 1124 1132; baseline 0.002 -21"><span class='ocrx_word' id='word_1_23' title='bbox 161 1072 279 1130; x_wconf 69' lang='lat' dir='ltr'><strong>gravem</strong></span> <span class='ocrx_word' id='word_1_24' title='bbox 305 1054 418 1130; x_wconf 82' lang='lat' dir='ltr'><strong>praebet</strong></span> <span class='ocrx_word' id='word_1_25' title='bbox 445 1053 640 1130; x_wconf 77' lang='lat' dir='ltr'><strong>suspicionem</strong></span> <span class='ocrx_word' id='word_1_26' title='bbox 668 1073 728 1112; x_wconf 82' lang='lat' dir='ltr'><strong>suae</strong></span> <span class='ocrx_word' id='word_1_27' title='bbox 756 1053 1016 1130; x_wconf 87' lang='lat' dir='ltr'><strong>indispositionis:</strong></span> <span class='ocrx_word' id='word_1_28' title='bbox 1046 1056 1124 1132; x_wconf 86' lang='lat' dir='ltr'><strong>“qui</strong></span> 
     </span>
     <span class='ocr_line' id='line_1_5' title="bbox 163 1152 1125 1230; baseline -0.001 -17"><span class='ocrx_word' id='word_1_29' title='bbox 163 1153 242 1213; x_wconf 87' lang='lat' dir='ltr'><strong>enim</strong></span> <span class='ocrx_word' id='word_1_30' title='bbox 255 1153 338 1211; x_wconf 84' lang='lat' dir='ltr'><strong>firme</strong></span> <span class='ocrx_word' id='word_1_31' title='bbox 351 1153 487 1230; x_wconf 82' lang='lat' dir='ltr'><strong>proponit</strong></span> <span class='ocrx_word' id='word_1_32' title='bbox 500 1172 561 1211; x_wconf 86' lang='lat' dir='ltr'><strong>rem</strong></span> <span class='ocrx_word' id='word_1_33' title='bbox 578 1153 633 1210; x_wconf 82' lang='lat' dir='ltr'><strong>sibi</strong></span> <span class='ocrx_word' id='word_1_34' title='bbox 649 1152 800 1210; x_wconf 74' lang='lat' dir='ltr'><strong>moraliter</strong></span> <span class='ocrx_word' id='word_1_35' title='bbox 813 1154 998 1228; x_wconf 88' lang='lat' dir='ltr'><strong>possibilem,</strong></span> <span class='ocrx_word' id='word_1_36' title='bbox 1014 1174 1074 1213; x_wconf 91' lang='lat' dir='ltr'><strong>non</strong></span> <span class='ocrx_word' id='word_1_37' title='bbox 1088 1156 1125 1212; x_wconf 85' lang='lat' dir='ltr'><strong>ite</strong></span> 
     </span>
     <span class='ocr_line' id='line_1_6' title="bbox 164 1252 1127 1331; baseline 0 -19"><span class='ocrx_word' id='word_1_38' title='bbox 164 1252 251 1312; x_wconf 82' lang='lat' dir='ltr'><strong>ieeile</strong></span> <span class='ocrx_word' id='word_1_39' title='bbox 273 1252 319 1311; x_wconf 90' lang='lat' dir='ltr'><strong>sui</strong></span> <span class='ocrx_word' id='word_1_40' title='bbox 340 1253 481 1329; x_wconf 77' lang='lat' dir='ltr'><strong>propositi</strong></span> <span class='ocrx_word' id='word_1_41' title='bbox 505 1253 697 1324; x_wconf 81' lang='lat' dir='ltr'><strong>obliviscitur,</strong></span> <span class='ocrx_word' id='word_1_42' title='bbox 723 1252 774 1310; x_wconf 85' lang='lat' dir='ltr'><strong>sed</strong></span> <span class='ocrx_word' id='word_1_43' title='bbox 796 1253 904 1310; x_wconf 76' lang='lat' dir='ltr'><strong>saltem</strong></span> <span class='ocrx_word' id='word_1_44' title='bbox 928 1273 983 1329; x_wconf 89' lang='lat' dir='ltr'><strong>per</strong></span> <span class='ocrx_word' id='word_1_45' title='bbox 1009 1255 1127 1331; x_wconf 73' lang='lat' dir='ltr'><strong>aliquod</strong></span> 
     </span>
     <span class='ocr_line' id='line_1_7' title="bbox 164 1351 1125 1428; baseline 0.002 -18"><span class='ocrx_word' id='word_1_46' title='bbox 164 1356 280 1428; x_wconf 87' lang='lat' dir='ltr'><strong>tempus</strong></span> <span class='ocrx_word' id='word_1_47' title='bbox 296 1356 470 1428; x_wconf 83' lang='lat' dir='ltr'><strong>perseveret,</strong></span> <span class='ocrx_word' id='word_1_48' title='bbox 490 1356 520 1411; x_wconf 90' lang='lat' dir='ltr'><strong>et</strong></span> <span class='ocrx_word' id='word_1_49' title='bbox 540 1351 689 1410; x_wconf 87' lang='lat' dir='ltr'><strong>difficilius</strong></span> <span class='ocrx_word' id='word_1_50' title='bbox 707 1355 761 1410; x_wconf 84' lang='lat' dir='ltr'><strong>eut</strong></span> <span class='ocrx_word' id='word_1_51' title='bbox 780 1351 875 1409; x_wconf 79' lang='lat' dir='ltr'><strong>rarius</strong></span> <span class='ocrx_word' id='word_1_52' title='bbox 898 1353 1008 1410; x_wconf 83' lang='lat' dir='ltr'><strong>cedit.”</strong></span> <span class='ocrx_word' id='word_1_53' title='bbox 1046 1353 1075 1412; x_wconf 80' lang='lat' dir='ltr'><strong>S.</strong></span> <span class='ocrx_word' id='word_1_54' title='bbox 1090 1355 1125 1412; x_wconf 77' lang='lat' dir='ltr'><strong>A.</strong></span> 
     </span>
     <span class='ocr_line' id='line_1_8' title="bbox 166 1450 874 1522; baseline -0.006 -12"><span class='ocrx_word' id='word_1_55' title='bbox 166 1450 237 1510; x_wconf 86' lang='lat' dir='ltr'><strong>ibid.</strong></span> <span class='ocrx_word' id='word_1_56' title='bbox 252 1470 327 1510; x_wconf 87' lang='lat' dir='ltr'><strong>vers.</strong></span> <span class='ocrx_word' id='word_1_57' title='bbox 343 1451 431 1508; x_wconf 75' lang='lat' dir='ltr'><strong>Retio</strong></span> <span class='ocrx_word' id='word_1_58' title='bbox 445 1456 494 1522; x_wconf 81' lang='lat' dir='ltr'><strong>ert,</strong></span> <span class='ocrx_word' id='word_1_59' title='bbox 510 1471 547 1510; x_wconf 88' lang='lat' dir='ltr'><strong>ex</strong></span> <span class='ocrx_word' id='word_1_60' title='bbox 562 1453 635 1510; x_wconf 80' lang='lat' dir='ltr'><strong>Luc.</strong></span> <span class='ocrx_word' id='word_1_61' title='bbox 651 1451 680 1510; x_wconf 90' lang='lat' dir='ltr'><strong>d.</strong></span> <span class='ocrx_word' id='word_1_62' title='bbox 699 1454 743 1521; x_wconf 83' lang='lat'><strong>14,</strong></span> <span class='ocrx_word' id='word_1_63' title='bbox 759 1469 789 1509; x_wconf 91' lang='lat' dir='ltr'><strong>n.</strong></span> <span class='ocrx_word' id='word_1_64' title='bbox 808 1454 874 1507; x_wconf 85' lang='lat'><strong>160.</strong></span> 
     </span>
    </p>

    <p class='ocr_par' dir='ltr' id='par_1_3' title="bbox 167 1550 1187 2623">
     <span class='ocr_line' id='line_1_9' title="bbox 210 1550 1125 1626; baseline -0.002 -18"><span class='ocrx_word' id='word_1_65' title='bbox 210 1554 252 1608; x_wconf 90' lang='lat'><strong>10.</strong></span> <span class='ocrx_word' id='word_1_66' title='bbox 276 1550 400 1624; x_wconf 81' lang='lat' dir='ltr'><strong>Signum</strong></span> <span class='ocrx_word' id='word_1_67' title='bbox 428 1551 618 1619; x_wconf 74' lang='lat' dir='ltr'><strong>contritionis,</strong></span> <span class='ocrx_word' id='word_1_68' title='bbox 648 1550 726 1626; x_wconf 92' lang='lat' dir='ltr'><strong>quod</strong></span> <span class='ocrx_word' id='word_1_69' title='bbox 750 1557 858 1625; x_wconf 86' lang='lat' dir='ltr'><strong>praeter</strong></span> <span class='ocrx_word' id='word_1_70' title='bbox 881 1550 996 1626; x_wconf 82' lang='lat' dir='ltr'><strong>(cetra)</strong></span> <span class='ocrx_word' id='word_1_71' title='bbox 1018 1551 1125 1608; x_wconf 74' lang='lat' dir='ltr'><strong>confes·</strong></span> 
     </span>
     <span class='ocr_line' id='line_1_10' title="bbox 167 1648 1125 1724; baseline 0.001 -19"><span class='ocrx_word' id='word_1_72' title='bbox 167 1648 276 1706; x_wconf 86' lang='lat' dir='ltr'><strong>sionem</strong></span> <span class='ocrx_word' id='word_1_73' title='bbox 290 1648 481 1706; x_wconf 80' lang='lat' dir='ltr'><strong>voluntariam</strong></span> <span class='ocrx_word' id='word_1_74' title='bbox 490 1650 591 1724; x_wconf 83' lang='lat' dir='ltr'><strong>exigit</strong></span> <span class='ocrx_word' id='word_1_75' title='bbox 605 1651 633 1706; x_wconf 85' lang='lat' dir='ltr'><strong>S.</strong></span> <span class='ocrx_word' id='word_1_76' title='bbox 645 1651 692 1716; x_wconf 67' lang='lat' dir='ltr'><strong>A„</strong></span> <span class='ocrx_word' id='word_1_77' title='bbox 708 1653 739 1707; x_wconf 90' lang='lat' dir='ltr'><strong>et</strong></span> <span class='ocrx_word' id='word_1_78' title='bbox 749 1650 828 1724; x_wconf 90' lang='lat' dir='ltr'><strong>quod</strong></span> <span class='ocrx_word' id='word_1_79' title='bbox 847 1649 911 1724; x_wconf 83' lang='lat' dir='ltr'><strong>ipsc</strong></span> <span class='ocrx_word' id='word_1_80' title='bbox 930 1653 1125 1708; x_wconf 76' lang='lat' dir='ltr'><strong>entraordina-</strong></span> 
     </span>
     <span class='ocr_line' id='line_1_11' title="bbox 167 1748 1126 1826; baseline 0.001 -20"><span class='ocrx_word' id='word_1_81' title='bbox 167 1748 243 1806; x_wconf 80' lang='lat' dir='ltr'><strong>re&#39;em</strong></span> <span class='ocrx_word' id='word_1_82' title='bbox 270 1755 363 1820; x_wconf 83' lang='lat' dir='ltr'><strong>vocet,</strong></span> <span class='ocrx_word' id='word_1_83' title='bbox 394 1751 477 1806; x_wconf 84' lang='lat' dir='ltr'><strong>Luso</strong></span> <span class='ocrx_word' id='word_1_84' title='bbox 506 1749 591 1826; x_wconf 84' lang='lat' dir='ltr'><strong>(ibid.</strong></span> <span class='ocrx_word' id='word_1_85' title='bbox 619 1769 650 1808; x_wconf 89' lang='lat' dir='ltr'><strong>n.</strong></span> <span class='ocrx_word' id='word_1_86' title='bbox 677 1752 745 1820; x_wconf 80' lang='grc'>166)</span> <span class='ocrx_word' id='word_1_87' title='bbox 769 1749 915 1823; x_wconf 74' lang='lat' dir='ltr'><strong>peculiare</strong></span> <span class='ocrx_word' id='word_1_88' title='bbox 943 1759 1039 1809; x_wconf 81' lang='lat' dir='ltr'><strong>vocet.</strong></span> <span class='ocrx_word' id='word_1_89' title='bbox 1080 1753 1126 1807; x_wconf 84' lang='lat' dir='ltr'><strong>Ex</strong></span> 
     </span>
     <span class='ocr_line' id='line_1_12' title="bbox 167 1847 1126 1926; baseline 0.002 -19"><span class='ocrx_word' id='word_1_90' title='bbox 167 1847 299 1910; x_wconf 78' lang='lat' dir='ltr'><strong>infausto</strong></span> <span class='ocrx_word' id='word_1_91' title='bbox 317 1850 368 1907; x_wconf 91' lang='lat' dir='ltr'><strong>illo</strong></span> <span class='ocrx_word' id='word_1_92' title='bbox 387 1850 527 1907; x_wconf 82' lang='lat' dir='ltr'><strong>vocabulo</strong></span> <span class='ocrx_word' id='word_1_93' title='bbox 548 1869 648 1907; x_wconf 89' lang='lat' dir='ltr'><strong>censeo</strong></span> <span class='ocrx_word' id='word_1_94' title='bbox 668 1851 917 1925; x_wconf 81' lang='lat' dir='ltr'><strong>perturbationem</strong></span> <span class='ocrx_word' id='word_1_95' title='bbox 933 1869 1002 1926; x_wconf 86' lang='lat' dir='ltr'><strong>quae</strong></span> <span class='ocrx_word' id='word_1_96' title='bbox 1015 1857 1061 1910; x_wconf 90' lang='lat' dir='ltr'><strong>tot</strong></span> <span class='ocrx_word' id='word_1_97' title='bbox 1072 1852 1126 1909; x_wconf 89' lang='lat' dir='ltr'><strong>lec·</strong></span> 
     </span>
     <span class='ocr_line' id='line_1_13' title="bbox 169 1939 1125 2026; baseline -0.002 -18"><span class='ocrx_word' id='word_1_98' title='bbox 169 1956 266 2008; x_wconf 80' lang='lat' dir='ltr'><strong>torum</strong></span> <span class='ocrx_word' id='word_1_99' title='bbox 282 1953 395 2010; x_wconf 82' lang='lat' dir='ltr'><strong>mentes</strong></span> <span class='ocrx_word' id='word_1_100' title='bbox 415 1949 523 2007; x_wconf 81' lang='lat' dir='ltr'><strong>invasit</strong></span> <span class='ocrx_word' id='word_1_101' title='bbox 540 1949 666 2007; x_wconf 80' lang='lat' dir='ltr'><strong>maxime</strong></span> <span class='ocrx_word' id='word_1_102' title='bbox 688 1956 779 2007; x_wconf 87' lang='lat' dir='ltr'><strong>ortem</strong></span> <span class='ocrx_word' id='word_1_103' title='bbox 795 1969 865 2008; x_wconf 80' lang='lat' dir='ltr'><strong>esse.</strong></span> <span class='ocrx_word' id='word_1_104' title='bbox 888 1939 975 2008; x_wconf 85' lang='lat' dir='ltr'><strong>¹Imo</strong></span> <span class='ocrx_word' id='word_1_105' title='bbox 990 1951 1125 2026; x_wconf 79' lang='lat' dir='ltr'><strong>quosdam</strong></span> 
     </span>
     <span class='ocr_line' id='line_1_14' title="bbox 169 2048 1187 2126; baseline 0 -20"><span class='ocrx_word' id='word_1_106' title='bbox 169 2048 247 2117; x_wconf 84' lang='lat' dir='ltr'><strong>novi,</strong></span> <span class='ocrx_word' id='word_1_107' title='bbox 269 2049 300 2106; x_wconf 89' lang='lat' dir='ltr'><strong>iu</strong></span> <span class='ocrx_word' id='word_1_108' title='bbox 321 2049 491 2124; x_wconf 85' lang='lat' dir='ltr'><strong>theologicis</strong></span> <span class='ocrx_word' id='word_1_109' title='bbox 510 2050 674 2125; x_wconf 86' lang='lat' dir='ltr'><strong>disciplinis</strong></span> <span class='ocrx_word' id='word_1_110' title='bbox 694 2050 774 2107; x_wconf 85' lang='lat' dir='ltr'><strong>haud</strong></span> <span class='ocrx_word' id='word_1_111' title='bbox 794 2069 898 2126; x_wconf 86' lang='lat' dir='ltr'><strong>parum</strong></span> <span class='ocrx_word' id='word_1_112' title='bbox 918 2051 1063 2122; x_wconf 87' lang='lat' dir='ltr'><strong>excultos,</strong></span> <span class='ocrx_word' id='word_1_113' title='bbox 1079 2051 1127 2126; x_wconf 89' lang='lat' dir='ltr'><strong>qui</strong></span> <span class='ocrx_word' id='word_1_114' title='bbox 1186 2089 1187 2096; x_wconf 68' lang='lat'><strong>.</strong></span> 
     </span>
     <span class='ocr_line' id='line_1_15' title="bbox 170 2149 1126 2227; baseline 0.001 -21"><span class='ocrx_word' id='word_1_115' title='bbox 170 2149 312 2225; x_wconf 79' lang='lat' dir='ltr'><strong>putebant</strong></span> <span class='ocrx_word' id='word_1_116' title='bbox 339 2149 369 2208; x_wconf 82' lang='lat' dir='ltr'><strong>S.</strong></span> <span class='ocrx_word' id='word_1_117' title='bbox 395 2152 431 2208; x_wconf 84' lang='grc' dir='ltr'><strong>Δ.</strong></span> <span class='ocrx_word' id='word_1_118' title='bbox 454 2151 571 2225; x_wconf 88' lang='lat' dir='ltr'><strong>exigere</strong></span> <span class='ocrx_word' id='word_1_119' title='bbox 598 2151 862 2208; x_wconf 81' lang='lat' dir='ltr'><strong>extraordinarium</strong></span> <span class='ocrx_word' id='word_1_120' title='bbox 891 2152 1034 2210; x_wconf 75' lang='lat' dir='ltr'><strong>dolorm:</strong></span> <span class='ocrx_word' id='word_1_121' title='bbox 1054 2151 1126 2227; x_wconf 90' lang='lat' dir='ltr'><strong>qnod</strong></span> 
     </span>
     <span class='ocr_line' id='line_1_16' title="bbox 170 2247 1127 2326; baseline 0.001 -21"><span class='ocrx_word' id='word_1_122' title='bbox 170 2247 277 2305; x_wconf 81' lang='lat' dir='ltr'><strong>falsum</strong></span> <span class='ocrx_word' id='word_1_123' title='bbox 301 2251 353 2321; x_wconf 84' lang='lat' dir='ltr'><strong>est,</strong></span> <span class='ocrx_word' id='word_1_124' title='bbox 380 2269 446 2307; x_wconf 92' lang='lat' dir='ltr'><strong>cum</strong></span> <span class='ocrx_word' id='word_1_125' title='bbox 471 2250 586 2307; x_wconf 87' lang='lat' dir='ltr'><strong>nonnisi</strong></span> <span class='ocrx_word' id='word_1_126' title='bbox 608 2249 872 2307; x_wconf 78' lang='lat' dir='ltr'><strong>extraordinarium</strong></span> <span class='ocrx_word' id='word_1_127' title='bbox 888 2252 1002 2326; x_wconf 62' lang='lat' dir='ltr'><strong>myreum</strong></span> <span class='ocrx_word' id='word_1_128' title='bbox 1024 2251 1127 2308; x_wconf 89' lang='lat' dir='ltr'><strong>doloris</strong></span> 
     </span>
     <span class='ocr_line' id='line_1_17' title="bbox 170 2346 1126 2424; baseline 0 -20"><span class='ocrx_word' id='word_1_129' title='bbox 170 2346 308 2423; x_wconf 86' lang='lat' dir='ltr'><strong>requiret.</strong></span> <span class='ocrx_word' id='word_1_130' title='bbox 349 2349 453 2424; x_wconf 86' lang='lat' dir='ltr'><strong>Neque</strong></span> <span class='ocrx_word' id='word_1_131' title='bbox 477 2349 552 2406; x_wconf 85' lang='lat' dir='ltr'><strong>alius</strong></span> <span class='ocrx_word' id='word_1_132' title='bbox 574 2354 619 2407; x_wconf 86' lang='lat' dir='ltr'><strong>est</strong></span> <span class='ocrx_word' id='word_1_133' title='bbox 638 2350 718 2406; x_wconf 90' lang='lat' dir='ltr'><strong>dolor</strong></span> <span class='ocrx_word' id='word_1_134' title='bbox 741 2349 887 2406; x_wconf 81' lang='lat' dir='ltr'><strong>sufficiens</strong></span> <span class='ocrx_word' id='word_1_135' title='bbox 908 2369 962 2424; x_wconf 91' lang='lat' dir='ltr'><strong>pro</strong></span> <span class='ocrx_word' id='word_1_136' title='bbox 984 2350 1126 2416; x_wconf 84' lang='lat' dir='ltr'><strong>recidivis,</strong></span> 
     </span>
     <span class='ocr_line' id='line_1_18' title="bbox 171 2445 1129 2524; baseline -0.001 -20"><span class='ocrx_word' id='word_1_137' title='bbox 171 2445 249 2504; x_wconf 73' lang='lat' dir='ltr'><strong>elius</strong></span> <span class='ocrx_word' id='word_1_138' title='bbox 262 2465 314 2522; x_wconf 89' lang='lat' dir='ltr'><strong>prc</strong></span> <span class='ocrx_word' id='word_1_139' title='bbox 328 2448 430 2505; x_wconf 86' lang='lat' dir='ltr'><strong>ceteris</strong></span> <span class='ocrx_word' id='word_1_140' title='bbox 443 2448 657 2524; x_wconf 82' lang='lat' dir='ltr'><strong>peecatoribus:</strong></span> <span class='ocrx_word' id='word_1_141' title='bbox 682 2449 731 2506; x_wconf 87' lang='lat' dir='ltr'><strong>sed</strong></span> <span class='ocrx_word' id='word_1_142' title='bbox 744 2449 822 2506; x_wconf 89' lang='lat' dir='ltr'><strong>idem</strong></span> <span class='ocrx_word' id='word_1_143' title='bbox 835 2449 918 2506; x_wconf 89' lang='lat' dir='ltr'><strong>dolor</strong></span> <span class='ocrx_word' id='word_1_144' title='bbox 927 2469 1016 2508; x_wconf 84' lang='lat' dir='ltr'><strong>verus</strong></span> <span class='ocrx_word' id='word_1_145' title='bbox 1027 2449 1129 2506; x_wconf 83' lang='lat' dir='ltr'><strong>suffieit</strong></span> 
     </span>
     <span class='ocr_line' id='line_1_19' title="bbox 172 2545 865 2623; baseline -0.001 -20"><span class='ocrx_word' id='word_1_146' title='bbox 172 2563 225 2623; x_wconf 92' lang='lat' dir='ltr'><strong>pro</strong></span> <span class='ocrx_word' id='word_1_147' title='bbox 238 2546 379 2604; x_wconf 81' lang='lat' dir='ltr'><strong>omnibus.</strong></span> <span class='ocrx_word' id='word_1_148' title='bbox 860 2545 865 2554; x_wconf 72' lang='grc'><strong>’</strong></span> 
     </span>
    </p>

    <p class='ocr_par' dir='ltr' id='par_1_4' title="bbox 172 2645 1183 3357">
     <span class='ocr_line' id='line_1_20' title="bbox 216 2645 1128 2722; baseline -0.002 -18"><span class='ocrx_word' id='word_1_149' title='bbox 216 2651 263 2704; x_wconf 89' lang='lat' dir='ltr'><strong>ll.</strong></span> <span class='ocrx_word' id='word_1_150' title='bbox 284 2647 351 2706; x_wconf 69' lang='lat' dir='ltr'><strong>Alio</strong></span> <span class='ocrx_word' id='word_1_151' title='bbox 364 2650 408 2705; x_wconf 89' lang='lat' dir='ltr'><strong>est</strong></span> <span class='ocrx_word' id='word_1_152' title='bbox 421 2667 507 2705; x_wconf 80' lang='lat' dir='ltr'><strong>causa</strong></span> <span class='ocrx_word' id='word_1_153' title='bbox 521 2647 606 2705; x_wconf 82' lang='lat' dir='ltr'><strong>istius</strong></span> <span class='ocrx_word' id='word_1_154' title='bbox 619 2645 845 2722; x_wconf 82' lang='lat' dir='ltr'><strong>perturbationis</strong></span> <span class='ocrx_word' id='word_1_155' title='bbox 859 2665 899 2704; x_wconf 87' lang='lat' dir='ltr'><strong>ex</strong></span> <span class='ocrx_word' id='word_1_156' title='bbox 913 2666 947 2704; x_wconf 90' lang='lat' dir='ltr'><strong>eo</strong></span> <span class='ocrx_word' id='word_1_157' title='bbox 961 2647 1041 2722; x_wconf 91' lang='lat' dir='ltr'><strong>quod</strong></span> <span class='ocrx_word' id='word_1_158' title='bbox 1054 2647 1083 2705; x_wconf 90' lang='lat' dir='ltr'><strong>S.</strong></span> <span class='ocrx_word' id='word_1_159' title='bbox 1095 2649 1128 2702; x_wconf 84' lang='lat' dir='ltr'><strong>A.</strong></span> 
     </span>
     <span class='ocr_line' id='line_1_21' title="bbox 173 2727 1130 2821; baseline -0.004 -17"><span class='ocrx_word' id='word_1_160' title='bbox 173 2745 251 2804; x_wconf 82' lang='lat' dir='ltr'><strong>nihil</strong></span> <span class='ocrx_word' id='word_1_161' title='bbox 265 2745 336 2804; x_wconf 92' lang='lat' dir='ltr'><strong>dicit</strong></span> <span class='ocrx_word' id='word_1_162' title='bbox 347 2747 383 2804; x_wconf 90' lang='lat' dir='ltr'><strong>de</strong></span> <span class='ocrx_word' id='word_1_163' title='bbox 396 2746 486 2803; x_wconf 88' lang='lat' dir='ltr'><strong>officio</strong></span> <span class='ocrx_word' id='word_1_164' title='bbox 497 2746 663 2804; x_wconf 84' lang='lat' dir='ltr'><strong>confessarii</strong></span> <span class='ocrx_word' id='word_1_165' title='bbox 674 2764 739 2802; x_wconf 92' lang='lat' dir='ltr'><strong>eum</strong></span> <span class='ocrx_word' id='word_1_166' title='bbox 751 2745 803 2819; x_wconf 91' lang='lat' dir='ltr'><strong>qni</strong></span> <span class='ocrx_word' id='word_1_167' title='bbox 814 2727 1009 2821; x_wconf 85' lang='lat' dir='ltr'><strong>indispositus</strong></span> <span class='ocrx_word' id='word_1_168' title='bbox 1022 2743 1130 2802; x_wconf 83' lang='lat' dir='ltr'><strong>accedit</strong></span> 
     </span>
     <span class='ocr_line' id='line_1_22' title="bbox 174 2842 1130 2920; baseline -0.004 -19"><span class='ocrx_word' id='word_1_169' title='bbox 174 2843 346 2918; x_wconf 76' lang='lat' dir='ltr'><strong>dispositum</strong></span> <span class='ocrx_word' id='word_1_170' title='bbox 362 2844 497 2904; x_wconf 78' lang='lat' dir='ltr'><strong>faciendi.</strong></span> <span class='ocrx_word' id='word_1_171' title='bbox 523 2845 589 2902; x_wconf 84' lang='lat' dir='ltr'><strong>imo</strong></span> <span class='ocrx_word' id='word_1_172' title='bbox 603 2843 698 2901; x_wconf 90' lang='lat' dir='ltr'><strong>verbis</strong></span> <span class='ocrx_word' id='word_1_173' title='bbox 711 2844 774 2920; x_wconf 84' lang='lat' dir='ltr'><strong>ejus</strong></span> <span class='ocrx_word' id='word_1_174' title='bbox 788 2843 975 2918; x_wconf 83' lang='lat' dir='ltr'><strong>aliquetenus</strong></span> <span class='ocrx_word' id='word_1_175' title='bbox 988 2842 1130 2900; x_wconf 83' lang='lat' dir='ltr'><strong>insinuari</strong></span> 
     </span>
     <span class='ocr_line' id='line_1_23' title="bbox 174 2943 1131 3021; baseline -0.004 -19"><span class='ocrx_word' id='word_1_176' title='bbox 174 2943 324 3003; x_wconf 83' lang='lat' dir='ltr'><strong>videretur</strong></span> <span class='ocrx_word' id='word_1_177' title='bbox 349 2945 464 3002; x_wconf 89' lang='lat' dir='ltr'><strong>nullum</strong></span> <span class='ocrx_word' id='word_1_178' title='bbox 492 2945 635 3021; x_wconf 88' lang='lat' dir='ltr'><strong>ejusmodi</strong></span> <span class='ocrx_word' id='word_1_179' title='bbox 658 2945 826 3014; x_wconf 85' lang='lat' dir='ltr'><strong>recidivum,</strong></span> <span class='ocrx_word' id='word_1_180' title='bbox 850 2944 909 3000; x_wconf 76' lang='lat' dir='ltr'><strong>nisi</strong></span> <span class='ocrx_word' id='word_1_181' title='bbox 929 2946 1044 3002; x_wconf 80' lang='lat' dir='ltr'><strong>accedat</strong></span> <span class='ocrx_word' id='word_1_182' title='bbox 1067 2963 1131 3002; x_wconf 87' lang='lat' dir='ltr'><strong>curn</strong></span> 
     </span>
     <span class='ocr_line' id='line_1_24' title="bbox 174 3041 1183 3118; baseline -0.003 -17"><span class='ocrx_word' id='word_1_183' title='bbox 174 3041 257 3118; x_wconf 80' lang='lat' dir='ltr'><strong>signo</strong></span> <span class='ocrx_word' id='word_1_184' title='bbox 284 3045 519 3116; x_wconf 81' lang='lat' dir='ltr'><strong>extraordinario,</strong></span> <span class='ocrx_word' id='word_1_185' title='bbox 544 3045 749 3104; x_wconf 79' lang='lat' dir='ltr'><strong>absolvendum</strong></span> <span class='ocrx_word' id='word_1_186' title='bbox 770 3061 840 3101; x_wconf 88' lang='lat' dir='ltr'><strong>esse.</strong></span> <span class='ocrx_word' id='word_1_187' title='bbox 882 3043 966 3101; x_wconf 89' lang='lat' dir='ltr'><strong>Dicit</strong></span> <span class='ocrx_word' id='word_1_188' title='bbox 988 3044 1070 3102; x_wconf 89' lang='lat' dir='ltr'><strong>enim</strong></span> <span class='ocrx_word' id='word_1_189' title='bbox 1090 3045 1130 3116; x_wconf 88' lang='lat' dir='ltr'><strong>(n.</strong></span> <span class='ocrx_word' id='word_1_190' title='bbox 1182 3083 1183 3113; x_wconf 81' lang='lat'><strong>,</strong></span> 
     </span>
     <span class='ocr_line' id='line_1_25' title="bbox 174 3142 1133 3223; baseline -0.004 -21"><span class='ocrx_word' id='word_1_191' title='bbox 174 3147 244 3215; x_wconf 77' lang='lat'><strong>459,</strong></span> <span class='ocrx_word' id='word_1_192' title='bbox 269 3162 343 3203; x_wconf 81' lang='lat' dir='ltr'><strong>vers.</strong></span> <span class='ocrx_word' id='word_1_193' title='bbox 371 3143 692 3223; x_wconf 76' lang='lat' dir='ltr'><strong>Sececda):-“Unde</strong></span> <span class='ocrx_word' id='word_1_194' title='bbox 725 3144 839 3220; x_wconf 88' lang='lat' dir='ltr'><strong>quoties</strong></span> <span class='ocrx_word' id='word_1_195' title='bbox 871 3144 1027 3218; x_wconf 86' lang='lat' dir='ltr'><strong>poenitens</strong></span> <span class='ocrx_word' id='word_1_196' title='bbox 1054 3142 1133 3219; x_wconf 77' lang='lat' dir='ltr'><strong>affert</strong></span> 
     </span>
     <span class='ocr_line' id='line_1_26' title="bbox 172 3243 1182 3357; baseline 0 -57"><span class='ocrx_word' id='word_1_197' title='bbox 172 3243 258 3317; x_wconf 78' lang='lat' dir='ltr'><strong>signe</strong></span> <span class='ocrx_word' id='word_1_198' title='bbox 270 3244 499 3302; x_wconf 76' lang='lat' dir='ltr'><strong>extraordinarie</strong></span> <span class='ocrx_word' id='word_1_199' title='bbox 512 3245 649 3314; x_wconf 80' lang='lat' dir='ltr'><strong>doloris‚”</strong></span> <span class='ocrx_word' id='word_1_200' title='bbox 667 3246 726 3312; x_wconf 70' lang='lat' dir='ltr'><strong>dac,</strong></span> <span class='ocrx_word' id='word_1_201' title='bbox 742 3245 890 3302; x_wconf 90' lang='lat' dir='ltr'><strong>etiterum</strong></span> <span class='ocrx_word' id='word_1_202' title='bbox 904 3243 976 3304; x_wconf 92' lang='lat' dir='ltr'><strong>ibid.</strong></span> <span class='ocrx_word' id='word_1_203' title='bbox 1181 3265 1182 3357; x_wconf 56' lang='lat' dir='ltr'><strong>p</strong></span> 
     </span>
    </p>

    <p class='ocr_par' dir='ltr' id='par_1_5' title="bbox 176 3341 1181 3714">
     <span class='ocr_line' id='line_1_27' title="bbox 218 3341 1132 3412; baseline 0 -14"><span class='ocrx_word' id='word_1_204' title='bbox 218 3345 265 3402; x_wconf 75' lang='lat'><strong>12.</strong></span> <span class='ocrx_word' id='word_1_205' title='bbox 286 3343 395 3400; x_wconf 82' lang='lat' dir='ltr'><strong>Verum</strong></span> <span class='ocrx_word' id='word_1_206' title='bbox 416 3349 460 3401; x_wconf 88' lang='lat' dir='ltr'><strong>est</strong></span> <span class='ocrx_word' id='word_1_207' title='bbox 481 3344 511 3402; x_wconf 80' lang='lat' dir='ltr'><strong>S.</strong></span> <span class='ocrx_word' id='word_1_208' title='bbox 525 3345 644 3400; x_wconf 74' lang='lat' dir='ltr'><strong>Arrun.</strong></span> <span class='ocrx_word' id='word_1_209' title='bbox 659 3342 735 3399; x_wconf 91' lang='lat' dir='ltr'><strong>nihil</strong></span> <span class='ocrx_word' id='word_1_210' title='bbox 749 3343 780 3399; x_wconf 80' lang='lat' dir='ltr'><strong>ira</strong></span> <span class='ocrx_word' id='word_1_211' title='bbox 794 3341 841 3399; x_wconf 81' lang='lat' dir='ltr'><strong>lec</strong></span> <span class='ocrx_word' id='word_1_212' title='bbox 856 3341 919 3412; x_wconf 85' lang='lat' dir='ltr'><strong>loce,</strong></span> <span class='ocrx_word' id='word_1_213' title='bbox 943 3342 1132 3400; x_wconf 85' lang='lat' dir='ltr'><strong>disserentem</strong></span> 
     </span>
     <span class='ocr_line' id='line_1_28' title="bbox 176 3438 1133 3515; baseline -0.002 -19"><span class='ocrx_word' id='word_1_214' title='bbox 176 3438 213 3497; x_wconf 88' lang='lat' dir='ltr'><strong>de</strong></span> <span class='ocrx_word' id='word_1_215' title='bbox 226 3439 372 3512; x_wconf 82' lang='lat' dir='ltr'><strong>recidivis,</strong></span> <span class='ocrx_word' id='word_1_216' title='bbox 395 3441 472 3499; x_wconf 84' lang='lat' dir='ltr'><strong>clere</strong></span> <span class='ocrx_word' id='word_1_217' title='bbox 492 3441 528 3500; x_wconf 86' lang='lat' dir='ltr'><strong>de</strong></span> <span class='ocrx_word' id='word_1_218' title='bbox 548 3442 605 3500; x_wconf 91' lang='lat' dir='ltr'><strong>isto</strong></span> <span class='ocrx_word' id='word_1_219' title='bbox 623 3441 714 3498; x_wconf 90' lang='lat' dir='ltr'><strong>officio</strong></span> <span class='ocrx_word' id='word_1_220' title='bbox 735 3439 899 3498; x_wconf 80' lang='lat' dir='ltr'><strong>confessarii</strong></span> <span class='ocrx_word' id='word_1_221' title='bbox 920 3440 1038 3510; x_wconf 82' lang='lat' dir='ltr'><strong>habere,</strong></span> <span class='ocrx_word' id='word_1_222' title='bbox 1056 3440 1133 3515; x_wconf 90' lang='lat' dir='ltr'><strong>quod</strong></span> 
     </span>
     <span class='ocr_line' id='line_1_29' title="bbox 178 3525 1181 3615; baseline 0.001 -22"><span class='ocrx_word' id='word_1_223' title='bbox 178 3539 262 3596; x_wconf 79' lang='lat' dir='ltr'><strong>valde</strong></span> <span class='ocrx_word' id='word_1_224' title='bbox 281 3541 501 3600; x_wconf 75' lang='lat' dir='ltr'><strong>desidersndnm</strong></span> <span class='ocrx_word' id='word_1_225' title='bbox 522 3561 584 3599; x_wconf 85' lang='lat' dir='ltr'><strong>esse</strong></span> <span class='ocrx_word' id='word_1_226' title='bbox 604 3561 713 3600; x_wconf 86' lang='lat' dir='ltr'><strong>censeo.</strong></span> <span class='ocrx_word' id='word_1_227' title='bbox 749 3540 834 3615; x_wconf 85' lang='lat' dir='ltr'><strong>(Dixi</strong></span> <span class='ocrx_word' id='word_1_228' title='bbox 848 3538 943 3596; x_wconf 82' lang='lat' dir='ltr'><strong>clere:</strong></span> <span class='ocrx_word' id='word_1_229' title='bbox 966 3540 1133 3596; x_wconf 84' lang='lat' dir='ltr'><strong>insinuatur</strong></span> <span class='ocrx_word' id='word_1_230' title='bbox 1180 3525 1181 3601; x_wconf 81' lang='lat' dir='ltr'><strong>l</strong></span> 
     </span>
     <span class='ocr_line' id='line_1_30' title="bbox 179 3635 1129 3714; baseline -0.004 -22"><span class='ocrx_word' id='word_1_231' title='bbox 179 3637 255 3692; x_wconf 86' lang='lat' dir='ltr'><strong>enim</strong></span> <span class='ocrx_word' id='word_1_232' title='bbox 270 3637 301 3693; x_wconf 90' lang='lat' dir='ltr'><strong>in</strong></span> <span class='ocrx_word' id='word_1_233' title='bbox 316 3658 391 3695; x_wconf 88' lang='lat' dir='ltr'><strong>nono</strong></span> <span class='ocrx_word' id='word_1_234' title='bbox 405 3639 552 3711; x_wconf 85' lang='lat' dir='ltr'><strong>signorum</strong></span> <span class='ocrx_word' id='word_1_235' title='bbox 568 3660 632 3714; x_wconf 83' lang='lat' dir='ltr'><strong>quee</strong></span> <span class='ocrx_word' id='word_1_236' title='bbox 649 3643 854 3698; x_wconf 83' lang='lat' dir='ltr'><strong>enumerentur</strong></span> <span class='ocrx_word' id='word_1_237' title='bbox 867 3657 895 3694; x_wconf 90' lang='lat' dir='ltr'><strong>n.</strong></span> <span class='ocrx_word' id='word_1_238' title='bbox 915 3637 999 3712; x_wconf 78' lang='lat'><strong>460).</strong></span> <span class='ocrx_word' id='word_1_239' title='bbox 1031 3636 1087 3694; x_wconf 62' lang='lat' dir='ltr'><strong>scd</strong></span> <span class='ocrx_word' id='word_1_240' title='bbox 1101 3635 1129 3690; x_wconf 91' lang='lat' dir='ltr'><strong>in</strong></span> 
     </span>
    </p>
   </div>
   <div class='ocr_carea' id='block_1_3' title="bbox 0 0 1235 4304">
    <p class='ocr_par' dir='ltr' id='par_1_6' title="bbox 0 0 1235 4304">
     <span class='ocr_line' id='line_1_31' title="bbox 0 0 1235 4304; baseline 0 0"><span class='ocrx_word' id='word_1_241' title='bbox 0 0 1235 4304; x_wconf 95' lang='lat' dir='ltr'><strong> </strong></span> 
     </span>
    </p>
   </div>
  </div>
 </body>
</html>
