2424 4300
174 387 232 466 176
421 395 424 402 ⁴
536 377 591 446 De
609 380 738 448 Grutz‘a.
965 381 1074 468 [urse.
1094 401 1143 448 vr.

168 549 223 608 sibi
247 548 450 607 abstinendum
472 569 541 607 esse.
584 549 650 609 Hoc
674 551 838 626 significant
859 551 1001 626 Apostoli
1025 553 1143 609 verba:

171 649 352 726 ‘inquinatae
376 651 445 706 sunt
466 669 566 707 corum
589 671 668 710 mens
690 656 719 709 et
742 649 921 709 conscientia
934 654 952 722 ;’
976 670 1072 722 meas,
1089 671 1145 727 per

169 767 294 808 errorem
315 767 419 822 suum;
450 751 621 821 conscicntia,
652 770 702 826 per
728 754 890 826 peccatum,
918 751 1002 826 quod
1030 750 1146 809 erroris

170 848 216 906 sui
229 847 341 906 fructus
355 853 384 907 et
398 847 516 908 effectus
530 850 603 908 est.’'
627 852 777 921 Pmomns,
792 850 824 906 in
838 850 893 908 loc.

208 954 257 1006 58.
283 948 382 1023 Objoct.
399 950 423 1009 7.
448 949 546 1008 “Sine
566 950 626 1008 fide
640 957 737 1009 autem
756 950 938 1026 impossibile
953 953 1001 1008 est
1015 949 1145 1026 placere

166 1048 257 1108 Deo.’'
278 1049 354 1107 Heb.
371 1048 412 1108 xi.
430 1054 455 1106 6.
497 1049 555 1116 Qui
569 1051 640 1108 facit
653 1071 725 1128 opus
741 1051 890 1109 moraliter
903 1053 1018 1110 bonum
1036 1051 1144 1128 placet

166 1152 245 1209 Deo:
267 1150 403 1222 infidelis,
429 1171 466 1209 ex
492 1155 587 1224 textu,
612 1171 670 1210 non
694 1155 789 1229 potest
812 1151 926 1229 placere
950 1154 1041 1226 Deo;
1068 1171 1142 1227 ergo

165 1270 217 1310 nec
231 1254 326 1326 potest
340 1250 481 1327 ejusmodi
496 1271 568 1329 opus
581 1252 685 1311 facere.
949 1259 951 1263 '

206 1356 251 1409 59.
272 1353 355 1426 Roap.
380 1352 534 1427 Distinguo
548 1353 705 1429 majorem:
730 1352 788 1417 Oui
802 1352 872 1410 facit
888 1372 961 1428 opus
978 1353 1141 1411 moraliter

165 1452 273 1509 bonum
287 1451 382 1526 placet
396 1452 456 1510 Deo
470 1451 501 1509 in
516 1452 615 1510 ordine
636 1452 856 1528 supernaturali,
871 1453 1044 1529 praestando
1062 1473 1140 1528 opus

164 1551 197 1609 in
210 1551 266 1610 isto
280 1551 379 1610 ordine
389 1551 570 1610 meritorium
581 1553 629 1612 vel
641 1552 742 1629 quovis
755 1553 838 1610 modo
850 1552 980 1610 salutare
994 1573 1001 1611 :
1025 1553 1135 1628 Nego:

164 1651 267 1711 Placet
279 1651 310 1710 in
325 1651 426 1710 ordine
439 1652 577 1721 naturali,
599 1653 630 1710 id
651 1656 704 1724 est,
720 1671 778 1711 non
799 1652 954 1728 displicet:
981 1653 1133 1712 Concedo.

168 1753 273 1810 Omnia
287 1771 352 1829 quae
374 1752 406 1810 in
428 1754 536 1811 mundo
560 1757 629 1811 sunt
650 1753 698 1811 vel
721 1753 804 1824 fiunt,
831 1753 949 1827 singula
962 1773 1018 1811 suo
1033 1755 1132 1824 modo,

170 1854 245 1911 bona
259 1859 345 1925 sunt;
369 1859 398 1914 et
411 1854 488 1912 nihil
502 1855 589 1913 estin
604 1855 641 1912 iis
655 1855 732 1930 quod
753 1854 886 1930 displicet
902 1856 1132 1932 Deo—peecato

169 1960 200 2013 et
221 1961 369 2030 peccatore
394 1955 462 2014 solis
485 1956 607 2033 ereptis.
650 1956 708 2014 Sed
729 1961 765 2014 ut
786 1975 858 2032 opus
878 1956 1001 2032 aliquod
1015 1957 1131 2033 placeat

167 2056 229 2114 Deo
253 2057 338 2116 modo
360 2057 491 2126 salutari,
510 2057 617 2133 dequo
639 2056 699 2114 solo
717 2056 801 2114 modo
821 2056 958 2132 placendi
973 2075 1071 2114 sermo
1086 2060 1129 2115 est

167 2156 200 2216 in
213 2161 307 2228 textu,
324 2159 409 2218 debet
423 2179 483 2217 esse
497 2178 535 2216 ex
549 2159 605 2216 tide
614 2160 648 2217 'et
661 2157 762 2234 gratia.

211 2262 256 2319 60.
283 2260 380 2337 Objcct.
407 2267 434 2320 8.
457 2261 580 2320 “Omne
605 2259 683 2337 quod
706 2260 802 2318 estin
825 2258 943 2331 mundo,
974 2259 1124 2336 concupis-

168 2362 264 2418 centia
287 2361 380 2418 carnis
405 2367 448 2419 est
471 2364 502 2419 ct
525 2359 757 2435 concupiscentia
777 2359 925 2416 oculorum
946 2365 978 2416 et
992 2358 1125 2436 superbia

169 2464 268 2524 ritae.''
294 2470 307 2523 l
333 2467 419 2524 donn.
445 2465 476 2524 ii.
505 2469 551 2523 16.
594 2465 654 2523 Por
673 2465 816 2522 mundum
842 2463 885 2522 ibi
908 2462 1121 2537 significantur,

167 2567 293 2626 maxime
305 2567 416 2637 saltem,
433 2566 456 2624 ii
471 2567 521 2642 qui
536 2569 635 2625 carent
648 2567 715 2625 fide.

207 2673 254 2727 61.
279 2669 362 2744 Rcsp.
383 2669 420 2728 1⁰.
444 2669 545 2736 Omne,
561 2668 590 2726 id
607 2671 658 2736 est,
675 2686 757 2725 omne
771 2665 927 2735 moraliter,
940 2665 1119 2742 plerumque,

166 2771 325 2829 secundum
348 2789 436 2827 usum
468 2769 607 2845 loquendi
632 2769 835 2826 universalem.
890 2766 932 2824 2⁰.
965 2767 1120 2843 Distinguo

166 2871 269 2930 aliter:
294 2871 386 2929 Omne
409 2869 486 2946 quod
508 2871 597 2928 estin
611 2871 728 2941 mundo,
744 2874 779 2927 ut
792 2869 899 2924 mundo
910 2889 916 2940 ;
940 2887 1026 2924 omne
1048 2868 1119 2944 quod
1202 2929 1203 2938 ἵ

167 2976 212 3030 est
225 2971 255 3028 iu
270 2972 437 3030 hominibus
458 2971 551 3043 malis,
568 2971 619 3048 qui
644 2970 786 3047 principia
809 2988 897 3045 prava
918 2973 1082 3044 sequuntur
1094 2977 1120 3027 et

168 3072 377 3149 cupiditatibus
400 3073 459 3130 suis
483 3072 646 3148 indulgent,
662 3079 697 3130 ut
711 3073 750 3131 sic
772 3072 941 3148 agentibus:
968 3071 1116 3130 Concedo:
1202 3105 1203 3122 2

169 3173 258 3239 Quasi
276 3193 390 3248 semper
404 3177 434 3230 et
447 3172 479 3230 in
499 3173 631 3230 omnibus
654 3174 713 3231 suis
736 3174 869 3250 operibus
889 3172 932 3230 ita
953 3173 1118 3241 necessario,

168 3275 215 3332 vel
232 3273 319 3332 etiam
334 3275 368 3332 de
382 3275 468 3342 facto,
494 3280 599 3348 agant:
623 3275 714 3350 Nego.
754 3275 780 3332 N
785 3273 929 3332 ullomodo
943 3274 978 3331 ad
994 3274 1118 3351 proposi·

167 3379 232 3433 tum
247 3375 381 3450 Apostoli
406 3373 570 3452 pertinebat
591 3394 748 3434 memorare
771 3395 857 3451 opera
878 3374 1028 3432 moraliter
1049 3377 1118 3434 bona

169 3474 319 3533 hominum
333 3476 543 3534 mundanorum
558 3495 646 3552 parva
660 3479 690 3534 et
703 3495 794 3551 pauca
806 3495 812 3534 :
835 3475 893 3532 imo
909 3473 1005 3552 potius
1019 3475 1117 3535 debuit

168 3595 280 3635 omnem
295 3581 300 3594 '
313 3597 410 3635 eorum
446 3577 621 3636 mentionem
656 3576 887 3653 pretermittere,
924 3579 1027 3652 utpote
1053 3597 1114 3654 que

167 3675 278 3734 sterilia
291 3677 371 3736 fuere
385 3682 414 3736 et
428 3697 484 3736 non
506 3677 593 3754 digna
613 3675 790 3749 imitatione;
813 3688 843 3735 et
856 3675 966 3734 animos
988 3676 1112 3736 fidelium
