2410 4318
178 407 241 475 250
554 381 611 456 De
628 381 771 458 Grattis.
987 385 1083 480 [nrsr.
1094 415 1145 462 uu

175 581 203 624 a.
219 563 247 634 7,
263 558 279 640 ξ
293 559 336 638 3),
357 561 387 618 et
399 576 465 635 quas
488 562 508 592 “
519 558 724 636 apertissima”
746 563 858 636 vocat,
886 582 960 623 earn
979 563 1079 641 potius
1091 582 1146 639 sper·

177 660 289 721 tissime
301 658 471 718 infirmant:
493 657 554 718 uid.
568 677 658 736 supra
671 678 701 720 n.
717 664 765 731 14,
785 663 847 722 dcc.

218 767 266 822 40.
287 759 334 820 II.
356 759 476 819 Summa
495 763 527 819 et
545 759 713 818 omnimoda
733 764 782 818 est
796 761 1019 838 dependentia
1032 767 1146 824 oraui:

177 862 270 920 aDeo
284 859 316 918 in
329 859 449 936 egendo.
491 857 589 936 Atqui
603 858 672 918 talis
692 878 754 918 non
774 866 863 921 esset
885 863 955 921 nisi
975 863 1147 941 praenotione

176 959 299 1038 physica
308 959 442 1018 admissa.

216 1063 266 1119 41.
287 1059 383 1136 Major
408 1056 568 1118 certissima
597 1059 650 1116 est.
691 1057 777 1134 Nego
807 1058 981 1134 minorem,
1007 1067 1074 1122 tum
1095 1063 1147 1140 quis

176 1159 259 1220 nullo
267 1161 350 1236 graui
360 1165 531 1234 argumento
541 1158 696 1234 probatur3
719 1164 785 1216 tum
796 1158 875 1235 quia
885 1161 985 1222 valde
996 1162 1146 1221 infirmatur

177 1259 356 1338 argumentis
370 1259 478 1335 quibus
490 1261 692 1334 propugnatur
705 1256 915 1318 Molinismus
968 1269 990 1296 ‘⁴
1000 1262 1075 1322 Sine
1086 1280 1144 1341 pra

179 1358 419 1420 determinatione
438 1356 560 1435 physica
573 1362 712 1416 creatura
726 1356 830 1416 libeuae
843 1361 1076 1435 perfectissime
1087 1381 1143 1438 pen·

178 1462 248 1520 dent
261 1481 279 1520 a
291 1459 352 1519 Deo
366 1459 397 1517 in
412 1459 532 1534 agendo,
548 1461 694 1534 quatenus
711 1456 852 1533 indigent
870 1459 1006 1520 influxu
1021 1462 1079 1522 Dei
1091 1469 1143 1521 tum

176 1559 209 1620 in
223 1579 322 1620 earum
332 1561 473 1618 virtutem
486 1557 599 1633 agendi,
610 1577 672 1616 eam
683 1558 856 1634 complendo
871 1565 905 1618 et
916 1563 1140 1630 corroboranda

175 1666 239 1721 tum
247 1661 280 1720 in
288 1679 387 1720 eurum
396 1664 487 1718 actus.
528 1658 614 1718 Nihil
626 1659 704 1716 enim
718 1677 806 1734 agere
818 1666 953 1735 possunt
965 1662 1032 1721 nisi
1046 1663 1140 1739 depen-

174 1762 277 1820 denter
287 1781 304 1820 a
314 1761 375 1818 Deo
388 1761 418 1818 in
433 1759 510 1836 ipsas
523 1777 575 1835 per
585 1757 804 1834 promotionem
814 1759 978 1835 physicam
989 1782 1051 1821 non
1061 1765 1138 1820 aem-

176 1861 328 1919 ms'uantem
337 1861 374 1918 ad
383 1878 476 1930 uuum,
486 1863 590 1917 etcum
598 1857 670 1934 ipsis
681 1876 733 1932 per
744 1877 920 1916 concursum
930 1861 1138 1922 simultaneum

174 1965 289 2038 agente.
333 1960 372 2018 In
395 1959 508 2018 actibus
523 1977 591 2018 vero
613 1957 887 2033 supernaturalibus
908 1963 1082 2037 requiritur
1099 1962 1136 2020 in-

177 2080 266 2138 super
280 2059 373 2136 gratia
386 2058 565 2135 praevoniens
579 2062 609 2116 et
622 2056 774 2133 adjuvans.

215 2165 264 2218 42.
291 2159 423 2236 “Neque
443 2178 495 2234 per
514 2155 848 2234 pradeterminationem
868 2159 1029 2237 physicam
1050 2161 1134 2240 major

172 2261 296 2320 babetur
322 2264 462 2318 creaturae
485 2257 586 2316 liberae
607 2277 625 2314 a
641 2257 703 2316 Deo
725 2256 922 2332 dependentia
936 2279 1009 2320 vera
1031 2265 1132 2340 etpos

175 2360 278 2432 sibilis,
293 2360 342 2418 sed
358 2363 472 2418 tantum
487 2355 648 2416 chimerion.
682 2354 852 2428 Nemeum
866 2359 1131 2434 praedeterminatio

174 2460 296 2537 physica
310 2465 453 2536 repugnet
465 2456 594 2516 libertati
608 2460 720 2525 ereata,
736 2455 932 2530 dependentia
950 2479 990 2516 ex
1004 2460 1060 2518 illa
1071 2481 1130 2538 pro·

174 2559 295 2620 veniens
317 2561 462 2636 repugnat
483 2575 607 2634 quoque,
637 2555 815 2631 proindeque
842 2556 927 2614 nulla
952 2558 1031 2616 est.''
1073 2562 1129 2620 Au·

176 2676 276 2733 roms,
301 2679 326 2720 o.
343 2664 370 2732 3,
396 2679 422 2718 a.
439 2662 467 2730 3,
484 2654 499 2735 ξ
518 2661 543 2714 1.
584 2655 652 2716 Vid.
667 2659 697 2714 et
711 2654 832 2728 Susum,
848 2655 869 2714 l.
886 2660 914 2730 5,
930 2676 956 2717 c.
974 2661 1025 2731 20,
1039 2678 1069 2717 n.
1089 2663 1128 2730 16,

170 2761 200 2816 et
214 2758 293 2819 alibi.

212 2861 260 2917 43.
283 2859 461 2934 Argumenta
479 2858 577 2914 contro
595 2853 805 2913 Proemouonem
821 2852 1036 2915 Thoms'sts'oam.
1075 2857 1127 2915 Ar·

174 2960 315 3028 gumentu
338 2976 404 3032 quac
432 2975 469 3014 ex
498 2955 648 3032 Scriptura
673 2953 859 3030 proferuntur
885 2954 923 3011 ad
950 2956 1126 3032 probandum

172 3048 382 3124 Molinismum,
406 3053 431 3112 si
450 3053 535 3112 firma
555 3053 622 3124 sint,
644 3052 730 3128 plane
750 3055 888 3110 evertunt
906 3052 1122 3114 Thomismum:

172 3148 329 3215 videantur
353 3154 439 3227 iufra,
465 3172 493 3212 n.
519 3157 585 3224 109,
611 3155 661 3212 &a
703 3153 751 3210 Ex
775 3151 937 3210 rationibus
959 3155 1123 3232 theologicis

171 3242 245 3308 duas
268 3254 409 3326 dabimus,
430 3270 488 3311 non
510 3252 604 3309 solum
619 3251 687 3327 quia
700 3251 852 3328 praecipuae
867 3256 945 3322 sunt,
969 3253 1120 3314 sedetiam

170 3345 241 3412 quia
255 3351 286 3410 in
300 3355 360 3414 illis
374 3351 558 3414 excutiendis
572 3352 666 3428 ipsum
681 3357 807 3428 systema
815 3350 905 3426 magis
914 3353 1118 3414 enucleabitur.

169 3431 354 3514 Derivantur
368 3459 466 3514 autem
482 3471 519 3511 ex
534 3471 566 3510 eo
581 3452 658 3528 quod
673 3455 798 3526 systema
816 3450 891 3508 illud
904 3451 985 3510 tollit
999 3459 1031 3512 et
1043 3453 1116 3514 liber·

167 3530 263 3600 tatem
283 3549 410 3615 hominis
429 3561 459 3615 ct
479 3571 579 3613 veram
602 3551 802 3611 sufficientiam
823 3548 914 3608 omnis
936 3552 1042 3626 gratioe
1061 3573 1115 3632 qua

163 3638 225 3692 ”⁰¹²
240 3651 286 3706 est
299 3655 411 3720 efficax.
