2410 4314
165 391 183 450 8
361 455 363 460 s
434 435 445 452 .
547 387 603 451 De
621 386 752 452 Gratzb.
966 386 1069 471 [ursa.
1094 410 1116 452 1.
1193 442 1194 445 ,

161 571 219 609 non
233 556 327 628 potest
341 552 375 611 de
390 552 484 610 debito
508 559 620 612 naturae
635 573 652 612 a
665 553 753 630 priori
767 557 797 612 et
810 556 877 611 ante
900 552 964 630 ejus
982 552 1117 614 existen-

163 652 245 709 tiam:
267 653 344 709 solus
358 655 435 710 enim
450 653 528 711 Deus
542 655 699 712 necessario
714 653 825 712 existit.

203 755 250 809 12.
276 751 312 810 1⁰.
333 752 400 810 Diei
421 773 478 810 non
504 758 598 829 potest
620 753 749 812 debitum
770 753 858 812 alicui
878 757 992 813 naturae
1007 773 1025 811 a
1039 752 1115 826 Deo,

160 851 238 927 quod
258 856 390 910 ereatura
413 854 499 912 istam
520 860 655 912 naturam
675 855 786 913 habens
809 853 926 913 meruit.
968 853 1116 912 Meritum

160 951 237 1008 onim
251 953 389 1028 supponit
410 971 468 1011 non
487 957 601 1011 tantum
622 960 756 1012 naturam
777 954 838 1030 jam
860 953 1045 1026 existentem,
1064 952 1116 1010 sed

159 1051 247 1110 etiam
260 1053 372 1128 aliquid
385 1060 495 1111 naturae
510 1054 736 1128 superadditum,
752 1055 783 1111 in
798 1074 854 1131 quo
868 1053 1011 1111 fundatur
1026 1051 1117 1110 meri·

160 1157 232 1212 tum.
282 1152 374 1212 Nulla
395 1158 534 1226 ereatura,
564 1157 598 1212 ut
625 1153 675 1227 sia,
704 1158 799 1230 potest
822 1153 933 1230 aliquid
963 1171 1075 1211 merere
1099 1172 1116 1210 a

165 1252 236 1310 Deo.

202 1359 248 1415 13.
281 1351 321 1410 2⁰.
352 1353 413 1412 Nea
438 1352 495 1412 diei
517 1356 614 1429 potest
638 1353 768 1413 debitum
787 1358 898 1412 naturae
913 1350 1011 1424 alioui,
1035 1351 1117 1428 quod

159 1457 240 1514 Deus
263 1455 290 1514 ei
314 1454 481 1531 impertitur
507 1475 559 1531 per
581 1457 698 1513 madum
720 1455 809 1514 medii
831 1475 888 1532 quo
910 1453 1002 1531 possit
1024 1454 1117 1512 finem

160 1556 313 1632 quemdam
327 1554 478 1630 attingere,
495 1556 526 1612 in
541 1575 626 1631 quern
641 1556 723 1614 Deus
736 1575 799 1617 eam
813 1554 930 1613 creavit.
972 1553 1117 1612 Debitum

160 1655 237 1714 enim
252 1661 322 1713 tune
333 1659 445 1714 naturae
461 1675 518 1713 non
532 1661 575 1714 est
589 1657 647 1726 sed,
660 1661 693 1715 ut
708 1656 749 1715 ita
760 1656 862 1725 dicam,
875 1652 1025 1730 sapientiae
1041 1653 1111 1715 Deii

159 1755 210 1831 qui
225 1775 311 1832 quem
324 1755 412 1813 finem
427 1759 563 1814 ereatura
588 1756 691 1814 statuit
711 1755 931 1832 assequendum,
948 1753 974 1812 ei
990 1753 1114 1812 faculta-

160 1861 218 1913 tem
232 1855 403 1932 assequendi
417 1854 574 1930 elargitur:
596 1854 656 1914 vid.
677 1855 807 1926 Lnssrus,
824 1855 859 1914 de
880 1853 1113 1913 Perfeolionibus

62 2018 64 2023 ,
161 1954 285 2027 Divinis,
300 1955 321 2012 l.
340 1959 385 2027 13,
401 1975 429 2013 n.
447 1960 473 2013 2.
517 1955 559 2013 3⁰.
582 1957 643 2015 Nea
657 1955 715 2014 diei
730 1959 825 2032 potest
839 1954 967 2014 debitum
984 1959 1109 2027 naturae,

160 2055 210 2113 sed
224 2054 359 2113 fidelitati
373 2055 437 2125 Dei,
454 2049 530 2131 quod
545 2059 683 2114 ereaturae
698 2056 825 2114 dandum
838 2054 1009 2132 promiserit.

204 2158 248 2213 14.
275 2153 309 2212 4ο
336 2155 393 2213 Sed
414 2155 538 2232 quaestio
561 2174 622 2214 esse
649 2161 743 2232 potest
764 2156 800 2214 de
824 2155 920 2214 debito
942 2157 1054 2214 naturae
1078 2173 1114 2213 eo

161 2273 254 2324 sensa,
273 2263 312 2324 ut,
330 2255 423 2330 posita
437 2255 567 2331 ejusdem
586 2255 737 2325 creatione,
760 2256 840 2314 Deus
854 2275 891 2314 ex
906 2253 1046 2330 sapientia
1060 2273 1115 2312 sua
1194 2303 1195 2322 ,

161 2359 210 2411 aut
220 2354 338 2430 justitia
358 2356 431 2414 hana
446 2355 493 2414 vel
506 2355 587 2414 illam
608 2355 778 2432 qualitatem
794 2355 821 2414 ei
835 2356 945 2414 tribure
966 2359 1112 2413 teneatur.
1194 2367 1195 2370 ’

162 2453 218 2526 Sia,
235 2474 260 2514 e.
276 2473 312 2529 g,
329 2455 420 2531 quaeri
441 2459 536 2532 potest
550 2475 586 2513 an
600 2456 680 2514 Deus
700 2440 847 2513 hominem
861 2475 956 2514 creare
970 2452 1112 2530 potuerit,

161 2553 222 2612 aine
236 2573 322 2612 sensu
335 2554 415 2614 visits
429 2565 480 2613 aut
494 2555 555 2614 sine
569 2555 704 2628 brachiis,
728 2560 786 2613 aut¹
800 2555 861 2614 aine
875 2554 941 2612 aliis
955 2573 1019 2630 quae
1035 2573 1114 2612 nune
1176 2611 1180 2622 ,
1194 2621 1195 2624 ¹

161 2652 197 2710 ad
210 2656 343 2712 naturam
358 2655 420 2732 ejus
435 2656 530 2732 quoad
544 2675 646 2732 eorpus
658 2659 709 2714 aut
720 2655 844 2712 animam
858 2652 1029 2731 pertinent?
1068 2654 1114 2712 De

162 2753 322 2828 quaestione
336 2754 376 2813 sio
390 2755 485 2831 posita
500 2754 570 2812 satis
582 2756 703 2813 obseura
722 2754 884 2830 loquuntur
897 2753 1016 2831 quidam
1031 2753 1112 2812 theo·

161 2851 230 2928 logi.
272 2853 330 2912 Sed
343 2853 417 2912 mihi
432 2858 510 2913 certa
530 2858 573 2912 est
596 2853 742 2914 sententia
762 2854 905 2912 affirmans
919 2853 1014 2912 Deum
1028 2871 1113 2930 posse

162 2970 373 3030 quamcumque
394 2957 556 3011 ereaturam
575 2952 678 3025 faeere,
696 2953 847 3030 quibusvis
861 2951 1052 3029 qualitatibus
1065 2951 1114 3011 vel

163 3049 245 3110 donis
259 3057 311 3110 aut
331 3051 406 3110 datis
422 3054 492 3129 (non
513 3051 662 3111 moraliter
682 3051 778 3130 malis)
793 3056 844 3110 aut
858 3050 991 3128 demptis.
1032 3051 1114 3110 Deus

163 3149 239 3209 enim
254 3151 382 3210 omnium
396 3151 537 3210 Dominus
551 3157 595 3210 est
608 3171 766 3228 supremus,
778 3160 808 3210 et
821 3150 897 3212 nihil
910 3149 1113 3228 quodcumque

162 3257 301 3312 creaturae
334 3252 505 3329 cuicumque
544 3252 638 3312 debet.
695 3254 829 3328 Suanos,
863 3257 886 3312 l.
915 3259 943 3324 2,
977 3272 1006 3330 q.
1038 3257 1110 3324 1093
1194 3251 1195 3256 ’

164 3353 285 3424 Sunanz,
302 3353 407 3428 Opuse.
424 3358 451 3424 4,
467 3352 494 3409 d.
511 3357 537 3424 2,
555 3373 575 3409 s.
592 3357 618 3423 2,
634 3373 662 3410 n.
680 3358 726 3412 39.

206 3455 249 3510 15.
268 3452 298 3511 N
300 3472 331 3510 ee
351 3461 450 3509 eontra
471 3451 525 3509 hoa
546 3449 703 3526 obja'eiatur,
727 3450 862 3510 inutilem
884 3453 914 3510 et
926 3450 1111 3528 insipientem

133 3628 134 3632 Ἰ
160 3555 220 3614 fore
234 3553 374 3630 ejusmodi
387 3558 484 3612 aetum
501 3554 661 3628 creationis,
678 3556 705 3614 i.
721 3576 758 3631 g.,
768 3575 870 3630 ¹ereare
892 3575 994 3634 eorpus
1007 3555 1109 3615 huma·

161 3673 232 3713 num
246 3655 352 3731 absque
367 3655 462 3712 anima
476 3655 523 3714 vel
537 3656 644 3732 absque
658 3655 754 3715 anima
767 3655 910 3714 rationali.
