2424 4300
54 481 148 526 urar.
167 461 242 546 va]
291 461 347 526 De
365 461 486 526 Gratiis
500 461 592 526 Med.
610 469 673 524 aut
686 460 898 547 Elea—neg.
971 485 1025 546 171

53 627 175 703 pietate
191 647 268 703 erga
279 629 386 706 Deum)
401 627 533 686 adhiberi
545 627 601 684 nisi
613 627 647 685 de
658 627 773 684 homine
784 629 874 704 justo.
911 632 953 690 20.
969 634 1028 689 Vo-

54 731 147 784 catur
169 729 223 784 vir
249 727 354 785 timens
377 729 492 788 Deum:
515 727 574 786 vid.
596 746 691 802 supra,
714 747 743 783 n.
759 726 807 784 27.
851 729 891 788 30.
913 731 1030 790 Dicitur

56 829 157 885 totam
182 826 255 904 ejus
276 827 394 886 domum
410 827 499 885 fuisse
514 825 678 902 religiosam
694 845 725 884 ac
740 825 890 886 timentem
914 829 1028 891 Deum:

54 945 118 1002 quc
132 945 200 984 non
216 927 340 984 obscure
354 927 536 1002 significatur
557 947 617 985 rem
633 928 682 996 ita,
703 945 735 984 co
750 932 877 999 curante,
895 948 924 986 se
938 930 1027 988 habu-

54 1026 127 1085 isse.
174 1025 225 1084 4⁰.
248 1025 366 1085 Dicitur
384 1046 451 1084 eum
470 1027 551 1101 large
573 1026 771 1102 eleemosynas
789 1027 919 1098 dedisse3
942 1034 973 1090 ct
988 1031 1027 1101 5⁰,

54 1124 89 1182 in
100 1125 247 1184 oratione
265 1126 301 1184 ad
316 1125 412 1184 Deum
431 1130 610 1186 constantem
628 1131 658 1184 et
679 1133 909 1201 perseverantem
930 1129 1027 1188 fuisse.

56 1223 135 1290 Quae
150 1224 268 1296 omnia,
288 1225 450 1302 pracsertim
464 1225 489 1282 si
503 1225 657 1302 conjuncta
677 1230 853 1302 spectentur,
879 1227 1027 1287 hominem

55 1324 150 1400 plane
166 1324 343 1400 significant
357 1325 479 1401 egregiae
495 1326 668 1386 sanctitatis.

101 1428 153 1481 44.
187 1423 371 1500 Arpumeutc
398 1444 430 1482 ec
454 1425 562 1484 ratione
593 1425 749 1502 theolopica.
791 1426 818 1486 I.
842 1427 905 1485 “Si
930 1447 1028 1485 omncs

59 1521 197 1581 actiones
222 1527 292 1582 ante
313 1523 551 1600 justificationem
574 1524 680 1588 elicitae
699 1525 811 1583 vitiata
832 1530 863 1584 ct
886 1533 1028 1604 corruptae

61 1627 163 1682 essent
178 1642 215 1681 ac
231 1623 355 1682 totidem
375 1629 492 1700 peccata
512 1623 580 1705 [aut
598 1643 656 1682 non
673 1630 790 1700 possent
803 1645 863 1683 esse
878 1627 1026 1697 salutares,

61 1723 113 1781 sed
137 1724 177 1781 ad
202 1743 353 1781 summum
377 1729 494 1800 possent
516 1744 577 1783 csse
601 1729 716 1782 tantum
743 1726 891 1785 moraliter
915 1727 1024 1808 bona]

62 1823 305 1898 praecluderetur
325 1824 417 1882 omnis
436 1824 485 1882 via
509 1825 707 1900 peccatoribus
729 1844 789 1884 sese
812 1828 1024 1893 converctendi,

63 1922 173 1981 sesain
190 1923 251 1982 Dei
265 1923 388 1998 gratiam
401 1923 560 2000 recipiendi
578 1944 610 1982 ac
629 1944 690 1982 sese
706 1925 876 2001 disponendi
892 1927 929 1984 ad
939 1927 1025 2001 justi-

64 2021 256 2082 ficationem:
280 2041 348 2100 quaa
366 2023 463 2081 omnia
483 2025 609 2082 absurda
627 2029 696 2082 sunt
710 2045 742 2082 ac
760 2025 925 2083 universam
936 2027 1027 2103 justi-

63 2120 216 2191 ficationis
231 2121 425 2180 oeconomiam
434 2123 619 2182 labefactant.
659 2125 705 2183 II.
726 2125 849 2184 Accedit
864 2126 941 2202 quod
955 2127 1027 2184 falsa

66 2225 136 2280 sunt
156 2221 315 2299 principia,
335 2224 496 2300 exquibus
517 2222 636 2299 profluit
658 2223 789 2282 doctrina
802 2225 983 2284 Novatorum
998 2231 1027 2286 et

64 2305 322 2394 Jansenistarum;
344 2341 448 2397 nempe
467 2327 517 2380 aut
537 2329 655 2398 peccata
676 2325 802 2382 actualia
819 2312 878 2383 non
896 2345 957 2384 csse
970 2327 1027 2384 nisi

66 2422 324 2480 manifestationes
343 2423 455 2498 peccati
476 2421 635 2498 originalis,
657 2425 735 2498 quod
757 2428 896 2500 perpetuo
916 2425 1027 2484 homini

66 2518 148 2596 lapso
177 2521 324 2580 inhaereat
342 2526 377 2580 ut
398 2521 525 2598 positiva
548 2521 682 2598 qualitas
706 2541 770 2598 quas
795 2521 907 2582 inficiat
930 2508 1027 2584 omnes

68 2619 203 2694 ejusdem
225 2621 352 2680 hominis
374 2621 449 2696 lapsi
469 2620 605 2692 actiones,
622 2625 656 2678 ut
677 2621 837 2679 Novatores
857 2626 1027 2696 autumant;

68 2726 120 2778 aut
143 2719 297 2778 hominem
324 2724 503 2796 peccatorem
530 2739 642 2796 semper
669 2721 781 2797 operari
806 2741 844 2779 ex
865 2721 1011 2799 cupiditat

69 2817 250 2890 dominante,
266 2838 331 2897 quae
353 2823 519 2896 corrumpat
539 2839 637 2878 omncs
656 2821 786 2898 ejusdcm
807 2826 898 2894 actus,
913 2826 948 2880 ut
961 2842 1026 2881 con-

69 2919 201 2978 tendunt
214 2919 236 2978 J
238 2919 390 2978 ansenistae
400 2942 407 2992 ;
430 2939 497 2978 cum
518 2938 595 2995 saepe
610 2921 716 2996 saepius
737 2940 831 2997 neque
850 2921 925 2998 justi
939 2930 1027 2997 agant

66 3015 157 3091 juxta
171 3019 336 3078 sanctitatis
354 3039 493 3090 normam,
514 3037 610 3094 nequa
632 3024 794 3096 peccatores
809 3021 899 3099 juxta
912 3023 1025 3100 cupidi-

69 3117 137 3175 tatis
150 3117 332 3178 influxum.”
378 3121 524 3188 Pannona,
540 3137 570 3176 11.
589 3119 667 3178 164„

327 3457 382 3538 53.
407 3457 563 3517 Solvuntur
589 3457 762 3536 Objectc‘oaes.

112 3621 159 3677 45.
182 3621 368 3698 objectiones
381 3623 482 3680 contra
497 3619 726 3696 Propositionem
739 3621 873 3698 primam.
921 3624 1020 3702 Objeet.

77 3715 101 3771 l.
123 3715 292 3782 Intellectui
305 3719 432 3780 hominis
451 3719 526 3797 lapsi
540 3739 629 3796 grava
641 3721 750 3782 vulnus
769 3721 941 3797 ignorantiae
955 3727 1020 3784 uni·
