2408 4304
77 453 164 506 nrsr.
181 429 261 526 xrs]
458 427 514 500 De
528 427 661 500 Merito.
970 454 1029 522 441

76 625 135 666 neo
149 604 237 667 etiam
250 601 402 682 praemium
423 601 600 662 accidentale
622 604 785 662 merentur:
811 605 912 664 “aitil
931 625 1036 664 sum-

78 706 158 768 aida'l
169 706 243 766 mihi
255 705 372 784 prodest
381 705 410 764 :”
432 704 509 782 quod
522 702 580 780 ipsi
594 703 751 764 adversarii
764 708 880 780 negant.
909 706 952 766 20.
968 707 1035 766 Dis-

80 809 190 885 tinguo
204 825 319 867 sensum
332 807 433 866 textus
453 823 556 864 verum
570 824 587 863 a
599 803 672 863 falso
687 823 694 864 :
724 804 757 864 si
770 805 941 865 charitatem
954 806 1037 868 habi.-

81 910 197 970 tualem
222 928 281 968 non
307 908 454 967 habuero:
476 906 634 968 concedo:
669 905 701 966 si
722 907 885 966 actualem:
917 907 1038 968 Subdis·

83 1009 209 1086 tinguo:
234 1007 356 1078 Quando
380 1009 467 1083 urget
487 1009 667 1083 praeceptum
689 1005 847 1077 eharitatis,
869 1007 918 1066 vel
938 1025 990 1083 per
1008 1026 1038 1066 sa

81 1109 133 1169 vel
146 1127 197 1186 per
211 1107 360 1168 accidens:
383 1106 534 1166 Concedo:
571 1107 665 1164 Extra
678 1104 764 1164 illum
778 1125 885 1179 casum,
907 1111 936 1166 at
948 1107 980 1166 in
992 1127 1039 1168 me

77 1209 164 1288 justo
177 1207 209 1267 in
228 1208 329 1268 ordino
343 1207 380 1266 ad
393 1206 547 1266 meritum:
570 1206 664 1281 Nego.
691 1205 757 1264 Etsi
774 1205 912 1283 pleraque
930 1225 994 1284 quaa
1008 1206 1037 1265 in

83 1309 142 1368 hoo
155 1308 249 1386 capito
260 1307 295 1367 dc
304 1306 445 1367 charitate
455 1306 642 1377 affirmantur,
654 1325 718 1365 eam
727 1305 887 1382 respiciunt
896 1305 925 1365 in
937 1325 1042 1392 genere

84 1413 116 1470 ct
131 1409 322 1470 abstrahendo
341 1409 377 1469 ab
392 1407 501 1470 actuali
511 1408 559 1467 vol
568 1407 722 1481 habituali,
736 1407 828 1484 magis
841 1409 940 1468 tamen
950 1407 1040 1485 respi-

83 1509 170 1570 ciunt
187 1509 375 1583 habitualem,
388 1509 514 1569 activam
523 1511 621 1568 tamen
634 1511 665 1568 et
678 1507 830 1568 efficacem.
855 1507 1041 1585 Propositum

84 1609 223 1689 Apostoli
236 1615 280 1671 est
293 1609 481 1688 comprimere
495 1609 624 1682 dissidia,
640 1628 706 1687 quae
719 1609 796 1668 inter
804 1608 967 1670 Corinthios
981 1612 1043 1669 orta

86 1715 159 1770 sunt
172 1711 317 1771 occasione
341 1709 556 1783 charismatum,
581 1709 687 1787 quibus
707 1709 826 1786 quidam
846 1728 944 1768 eorum
965 1709 1043 1768 aucti

85 1813 190 1872 erant:
213 1813 243 1870 et
263 1810 387 1869 affirmat
407 1808 550 1887 ejusmodi
561 1808 851 1884 dona-linguarum,
872 1808 1041 1886 prophetiae,

87 1909 265 1971 &annilius
279 1929 339 1969 esse
353 1909 451 1969 meriti
464 1908 496 1968 in
510 1909 605 1987 ecqui
619 1909 777 1969 nonhabet
791 1909 970 1982 charitatem,
984 1909 1043 1968 imo

85 2013 151 2089 qui,
165 2013 266 2072 turbas
287 2015 316 2070 ct
337 2009 494 2070 discordias
514 2009 693 2083 concitando,
719 2029 783 2070 eam
803 2014 900 2088 aperte
920 2010 1002 2070 laedit
1015 2015 1044 2070 et

86 2111 199 2190 abjicit.
241 2113 293 2172 Ad
315 2131 376 2172 ram
403 2131 461 2170 non
485 2114 548 2172 erat
569 2116 605 2170 ut
628 2111 796 2188 loqueretur
818 2113 853 2172 ds
874 2112 1044 2172 necessitate

87 2213 206 2292 imperii
220 2212 340 2273 actualis
362 2211 512 2272 charitatis
534 2211 567 2270 in
585 2212 702 2273 homine
719 2211 798 2296 justo
819 2215 856 2273 ad
875 2233 959 2274 omne
972 2234 1044 2292 opus

89 2313 290 2388 meritorium
311 2331 365 2373 neo
388 2314 424 2373 de
442 2313 496 2372 hoc
519 2313 641 2372 verbum
663 2315 742 2374 facit.
784 2315 938 2392 Numquid
951 2315 1047 2374 voluit

89 2413 186 2474 dicere
199 2413 287 2472 fidem
299 2412 382 2472 illam
397 2430 532 2488 magnam
548 2415 600 2472 aut
613 2412 787 2490 martyrium
800 2413 832 2471 in
846 2413 962 2474 homine
969 2415 1046 2488 jacto

90 2512 170 2572 nihil
183 2512 211 2573 ei
224 2511 383 2590 prodesse?

133 2615 223 2674 *las
249 2613 351 2692 Odjcot.
368 2616 395 2672 4.
431 2612 490 2672 “S.
511 2611 662 2690 Scriptura
674 2611 785 2673 iudicat
797 2613 888 2673 vitam
911 2618 1048 2675 aeternam

92 2715 161 2776 solis
182 2715 295 2775 actibus
316 2734 334 2773 a
355 2713 497 2773 charitats
518 2713 624 2772 elicitis
636 2714 686 2773 vel
704 2714 855 2791 imperatis
868 2715 1047 2792 promissam,

92 2816 137 2874 ita
150 2819 185 2874 ut
195 2815 262 2874 alias
275 2814 401 2874 virtutos
420 2832 479 2871 non
494 2812 554 2873 sint
566 2813 723 2873 meritoria
737 2814 806 2874 vitae
821 2819 947 2888 aeternae,
963 2815 1020 2874 nisi
1034 2837 1051 2874 a

94 2915 237 2975 charitate
251 2913 437 2991 imperentur.
474 2912 523 2972 Sic
535 2913 667 2972 Christus
677 2914 740 2990 ipss
754 2914 795 2972 ait
810 2920 868 2973 :-‘
881 2904 940 2980 Qui
953 2915 1051 2992 diligit

93 3035 141 3074 ma
162 3015 300 3090 diligatur
321 3034 338 3072 a
358 3015 445 3072 Patre
466 3031 548 3072 meo:
575 3017 605 3073 et
625 3013 816 3075 manifestabo
839 3013 863 3074 ei
887 3015 1050 3093 meipsum’

92 3116 113 3176 J
114 3135 177 3175 oan.
193 3114 255 3174 xiv.
271 3115 338 3184 213³
380 3113 467 3186 Idam,
481 3112 554 3173 ibid.

134 3215 225 3275 *lan
244 3214 330 3290 Bcap.
352 3211 529 3288 Distinguo:
558 3212 618 3278 Qui
642 3212 742 3290 diligit
763 3233 809 3273 mc
833 3215 969 3275 mandata
988 3234 1052 3276 mea

93 3315 233 3376 servando
254 3313 275 3373 i.
291 3333 316 3372 e.
329 3313 381 3391 qui
395 3321 438 3372 est
451 3313 484 3371 in
500 3315 580 3373 statu
600 3315 711 3390 gratia,
732 3318 762 3374 et
783 3334 870 3392 opera
882 3316 958 3374 bona
970 3317 1050 3389 facit,

97 3415 256 3491 diligetur:
281 3413 431 3473 Concedo:
455 3412 514 3479 Qui
537 3412 609 3472 facit
633 3417 715 3473 actus
739 3404 909 3475 charitatis:
932 3415 1051 3476 Subdis·

96 3518 220 3592 tinguo:
245 3515 368 3591 Propter
388 3514 443 3571 hoc
469 3531 542 3589 opus
569 3512 724 3588 diligetur:
755 3515 888 3574 Concedo
916 3515 986 3592 (etsi
997 3516 1051 3575 hoo

96 3633 282 3692 nequaquam
300 3613 439 3691 explicito
460 3611 493 3670 in
513 3615 600 3672 textu
621 3613 835 3692 significetur):
858 3615 980 3690 Propter
996 3616 1051 3675 hoc

97 3733 171 3796 opus
193 3718 287 3778 solnm
308 3715 463 3792 diligetur:
485 3714 577 3789 Nego.
621 3715 750 3774 Tantum
766 3717 847 3776 abest
859 3722 894 3775 ut
907 3717 1051 3776 conclusio

555 3817 614 3873 20³⁶
