2402 4292
178 421 240 494 tot
556 402 612 474 De
629 399 761 474 Gratia.
952 400 1061 497 [urse.
1079 422 1149 476 vm.

176 577 222 636 air
234 575 328 653 gratia
346 574 481 635 inefficax
501 575 569 634 talis
592 576 632 635 sit
656 577 729 652 quia
752 576 842 634 datur
864 575 898 634 in
918 575 1152 636 circumstantiis

175 675 351 754 incongruis.
392 676 466 735 Hac
480 675 610 734 doctrina
624 677 715 749 nullo,
730 676 810 753 quod
818 675 960 749 viderim,
978 685 1152 754 argumento

177 775 269 836 solido
281 775 440 836 fundatur:
462 775 531 848 imo,
545 794 605 834 non
618 776 713 834 solum
727 775 889 834 inlaudata
900 780 932 835 et
946 776 1153 854 improbabilis

177 878 229 937 sed
241 877 327 955 plane
346 877 421 937 falsa
442 876 516 935 mibi
539 876 667 937 ridetur.
709 878 856 954 Egregius
878 882 928 936 est
940 877 1032 938 locus
1047 879 1154 938 Toum

178 976 269 1056 (apud
282 978 410 1037 Bausta.
425 977 447 1036 1.
463 997 488 1036 c.
504 977 582 1036 Nota
598 977 628 1054 l)
643 978 675 1036 in
685 979 774 1038 verba
789 977 820 1038 S.
837 977 936 1050 Pauli,
955 979 1063 1040 Galat.
1078 979 1099 1038 i.
1113 984 1153 1049 15,

179 1077 282 1138 “llum
295 1081 393 1138 autem
415 1078 527 1156 placuit
550 1079 579 1138 ei
601 1079 653 1156 qui
677 1099 732 1152 me,
757 1121 792 1139 ..
820 1123 828 1140 .
852 1123 859 1138 .
881 1079 1009 1140 vocavit
1022 1101 1080 1158 per
1091 1101 1152 1157 gra·

180 1179 253 1240 tiam
280 1199 363 1239 suam
373 1179 391 1208 ”
402 1185 474 1240 :—“
489 1181 558 1240 Non
584 1181 657 1241 dicit
691 1182 812 1255 Paulus,
842 1183 965 1259 quando
995 1202 1048 1243 me
1075 1183 1154 1243 norit

179 1280 372 1355 obediturum,
387 1281 437 1342 sed
451 1283 566 1360 quaudo
586 1281 633 1341 illi
656 1282 770 1359 placuit
771 1325 905 1344 .....
926 1285 1001 1344 Non
1016 1289 1152 1363 expectat

180 1385 261 1446 Deus
284 1405 396 1464 semper
419 1387 571 1446 arbitrium
592 1392 734 1460 nostrum,
760 1387 831 1464 quia
854 1408 908 1447 sua
931 1389 1036 1464 gratia
1058 1389 1150 1468 ipsum

180 1485 300 1560 excitat,
312 1485 371 1566 ipsi
379 1487 429 1546 dat
443 1486 518 1546 velle
531 1494 561 1547 st
574 1487 720 1564 perficere,
731 1487 824 1564 etqui
835 1489 927 1547 etiam
941 1490 1076 1550 rebelles
1089 1509 1149 1549 cou-

180 1585 270 1646 vertit
282 1591 313 1646 et
326 1585 476 1664 compellit
487 1587 662 1647 voluntates.
705 1587 792 1647 Tunc
801 1607 870 1664 ergo
884 1589 1018 1661 vocavit,
1036 1591 1147 1668 quaudo

180 1685 227 1746 illi
238 1685 362 1764 placuit:
385 1690 415 1747 et
429 1687 454 1746 si
468 1691 535 1746 aute
545 1690 684 1760 vocasset,
708 1687 814 1764 utique
834 1688 1044 1766 respondisset
1058 1695 1089 1750 et
1102 1691 1146 1750 ob·

180 1796 367 1870 temperasset
369 1837 499 1852 .....
521 1792 667 1852 Existimo
682 1796 753 1851 tuuc
761 1811 879 1852 vocasse
893 1792 1064 1871 discipulos
1077 1796 1145 1853 mul·

181 1895 235 1962 tos,
250 1895 280 1949 et
292 1889 454 1968 prasertim
469 1891 655 1963 Matthaeum,
679 1889 795 1967 quaudo
808 1889 878 1966 plus
893 1895 983 1950 eraut
1004 1891 1143 1969 impediti,

181 1992 331 2072 magisque
354 1995 566 2068 detinebantur,
590 1999 626 2054 ut
648 1997 790 2054 venirent
812 2037 821 2054 .
843 2038 850 2052 .
875 2039 882 2053 .
906 2038 914 2055 .
938 1995 991 2056 Sic
1021 1997 1141 2056 Paulum

180 2093 304 2167 vocavit,
331 2095 403 2155 dum
429 2116 501 2175 opus
522 2096 662 2169 fervebat,
691 2096 846 2173 minusque
873 2097 911 2155 ad
934 2097 1140 2158 observandum

182 2196 301 2274 paratus
314 2195 405 2255 erat.''

228 2401 292 2458 126.
318 2400 391 2460 Hoec
405 2405 475 2462 suut
499 2404 624 2478 quatuor
647 2402 804 2476 systemata
823 2399 1025 2475 celeberrima,
1041 2401 1137 2480 quibus

184 2499 242 2559 alia
255 2497 355 2559 addita
369 2506 439 2560 suut
462 2502 581 2560 minoris
604 2505 689 2572 notae,
714 2519 779 2575 quae
802 2499 898 2558 videri
919 2507 1048 2577 possunt
1071 2499 1136 2577 apud

184 2599 229 2660 La
251 2601 341 2660 Fossu
360 2607 389 2661 et
413 2603 485 2662 alios
509 2607 647 2662 auctores.
689 2602 727 2659 Iu
755 2601 886 2678 praefatis
911 2601 1136 2678 expositionibus

184 2701 377 2776 conficiendis,
393 2709 428 2763 ut
442 2725 517 2764 verae
533 2709 563 2764 et
576 2704 693 2763 sincerae
715 2709 818 2775 essent,
840 2703 972 2778 graviter
986 2701 1134 2762 elaborari.

185 2801 217 2861 Si
240 2801 272 2860 iu
295 2801 394 2880 aliquo
416 2823 550 2881 perverse
573 2803 780 2879 interpretatus
802 2801 867 2873 sim,
891 2801 1051 2876 ignoscant
1071 2799 1136 2860 mihi

183 2900 314 2960 doctores
328 2903 494 2962 scholarum
509 2903 740 2974 clarissimarum,
751 2901 783 2960 in
797 2901 905 2977 quibus
918 2905 1082 2977 systemata
1092 2899 1136 2957 illa

182 2997 253 3057 olim
266 3007 450 3076 propugnata
464 3007 534 3061 sunt
547 3003 594 3060 vel
608 3001 790 3060 etiamhodie
803 3005 1038 3077 propugnantur.
1079 2997 1135 3056 Eoi

186 3098 284 3155 autem
298 3094 330 3153 in
343 3097 397 3154 hac
410 3101 532 3156 materia
554 3097 629 3155 nihil
652 3103 696 3155 est
718 3097 797 3174 quod
810 3096 847 3154 ad
861 3097 968 3170 dogma
988 3096 1134 3154 definitum
1195 3119 1196 3122 ¹

188 3194 315 3272 pertinet
329 3197 379 3254 sed
393 3197 489 3255 omnia
503 3201 571 3256 suut
584 3215 700 3272 prorsus
710 3196 810 3268 libera,
827 3194 963 3254 existimo
978 3198 1079 3253 tamen
1091 3213 1133 3252 ex·

181 3294 339 3371 positiones
350 3296 493 3373 ejusmodi
504 3297 588 3355 valde
602 3295 691 3354 utiles
705 3315 774 3368 esse,
791 3302 809 3330 ‘⁴
822 3293 910 3366 tam‚''
926 3298 962 3352 ut
976 3293 1020 3352 ait
1030 3293 1133 3353 Burni

179 3394 229 3472 (de
253 3395 325 3467 Deo,
352 3416 376 3457 c.
402 3401 448 3469 10,
463 3396 542 3474 at),
568 3396 636 3453 “ad
659 3396 768 3454 rectius
789 3393 1016 3468 intelligendum
1039 3395 1132 3469 dogma

183 3496 379 3569 Catholicum,
411 3503 471 3556 tam
493 3497 529 3555 ad
555 3495 767 3573 perspiciendos
793 3494 900 3552 limites
923 3493 956 3551 in
980 3494 1037 3552 hac
1060 3491 1132 3568 gravi

174 3593 295 3652 materia
309 3593 344 3652 ab
358 3594 488 3653 Ecclesia
509 3592 632 3670 positos,
655 3595 714 3649 tom
728 3591 764 3649 ad
778 3589 1008 3665 cognoscendum
1023 3589 1130 3667 quidiu

181 3690 286 3752 scholis
301 3694 480 3770 propugnari
492 3692 572 3753 licite
585 3689 677 3769 possit
691 3693 742 3750 aut
755 3688 837 3768 rejici
850 3685 983 3749 debeat.”
