2436 4300
191 415 251 492 3¹²
557 393 612 467 De
630 391 759 469 Grulz‘cu
977 395 1077 490 [misr.
1093 423 1134 472 rx.

187 589 245 632 nou
258 566 366 647 paucis,
381 567 539 646 presertim
563 568 728 641 Themistis,
752 570 945 646 negantibus3
967 573 1019 631 sed
1039 573 1139 632 iimdc-
1202 631 1203 640 ,

188 673 286 730 mento
296 669 446 730 sententies
460 667 592 744 negantis
614 669 689 747 (sid.
705 689 731 728 v.
746 689 775 746 g.
796 671 875 747 apud
888 672 1053 746 anunnr,
1070 675 1096 734 d.
1114 675 1138 746 7,

187 787 214 830 u.
240 768 276 847 2)
294 767 368 827 mihi
382 768 460 830 levis
477 787 537 828 esse
560 767 706 840 videntur,
728 773 759 828 et
779 789 845 846 quse
865 771 953 830 facile
967 771 1067 848 disjici
1080 792 1141 850 pos·
1202 837 1203 854 ¹

188 877 267 928 sunt.

227 969 295 1028 ⁴⁶31.
317 969 358 1030 4⁰.
381 967 492 1030 Similis
506 966 628 1046 quaestio
642 971 775 1028 movetur
788 969 825 1029 dc
837 969 971 1046 potentia
978 970 1037 1030 Dei
1046 971 1143 1032 remit

188 1067 268 1128 tendi
281 1071 431 1146 peccatum
444 1069 551 1146 ubsque
571 1067 718 1128 infusione
738 1069 840 1144 grctiae
864 1069 1093 1130 sanctificantis:
1115 1077 1143 1131 ct

188 1167 282 1228 simile
296 1173 340 1228 est
352 1167 429 1250 iuter
441 1168 589 1243 theologos
607 1167 768 1240 dissidium,
790 1167 925 1228 omnibns
945 1168 1090 1242 Scutistis,
1105 1170 1144 1230 rit

188 1267 298 1328 Hirro
325 1268 368 1346 (q.
398 1269 439 1346 5),
474 1285 541 1327 cum
569 1265 704 1344 plurimis
734 1267 892 1327 Themistis
922 1268 1142 1328 affirmantibus.

191 1369 373 1445 Argumenta
385 1381 437 1448 pro
452 1370 595 1431 sententia
608 1370 745 1448 negativo
757 1369 892 1429 similiter
905 1369 981 1428 mihi
994 1389 1074 1430 vana
1087 1389 1143 1432 esse

189 1468 336 1530 videntur.

229 1569 298 1630 ⁴⁸32.
323 1567 467 1639 ducitur
479 1570 519 1629 50.
541 1571 590 1630 An
604 1570 641 1630 cd
652 1568 895 1648 justificationem
910 1567 997 1646 impii
1016 1589 1091 1647 opus
1110 1569 1144 1629 sit

190 1689 270 1730 moro
284 1668 443 1747 temporis?
483 1670 569 1747 Bccp.
587 1670 624 1730 1⁰.
646 1671 679 1731 Si
702 1674 848 1748 spectetur
863 1671 1039 1748 justificatio
1060 1691 1079 1730 a
1097 1690 1144 1731 suc

189 1768 277 1830 initio
290 1769 327 1829 ud
340 1770 438 1844 finem,
451 1773 523 1832 tuno
537 1770 693 1831 dicendum
713 1773 757 1830 est
779 1775 799 1806 “
808 1770 953 1830 ordinarie
967 1775 998 1829 ct
1011 1771 1098 1848 qussi
1110 1791 1143 1830 ex

188 1869 333 1930 communi
356 1870 420 1946 legs
443 1871 680 1948 preparationem
700 1871 857 1949 peccatoris
883 1871 920 1930 ad
936 1871 1088 1948 justitium
1096 1891 1144 1948 per

187 1965 245 2026 Dei
259 1965 436 2028 vocationem
460 1971 489 2026 et
513 1971 594 2026 actus
617 1967 710 2044 ipsius
732 1967 859 2026 hominis
880 1987 946 2026 cnm
968 1967 1143 2028 successione

187 2065 325 2142 temporis
345 2065 426 2139 fieri;
448 2071 536 2143 utque
557 2066 589 2126 in
611 2085 644 2126 ea
667 2067 746 2126 huuc
769 2065 898 2126 ordinem
924 2067 1044 2137 servari,
1070 2067 1143 2144 quod
1202 2097 1203 2112 ι

190 2165 314 2226 mutatio
336 2165 441 2244 incipit
462 2185 480 2226 a
498 2166 597 2226 divina
609 2167 759 2228 vocatione
773 2170 804 2227 et
812 2166 953 2244 paulatim
967 2167 1099 2243 procedit
1111 2169 1142 2226 ub

189 2264 357 2342 imperfecto
371 2266 408 2326 od
421 2266 589 2344 perfectum,
615 2267 705 2326 donec
725 2271 946 2326 consummetur
958 2266 1068 2325 ultimo
1090 2267 1141 2325 dis·

189 2364 325 2443 positio.”
370 2367 491 2440 Surrnz,
515 2367 536 2427 l.
553 2371 580 2438 8,
604 2385 629 2425 c.
645 2371 693 2439 23,
719 2385 746 2425 u.
763 2371 788 2424 3.
829 2367 872 2424 At
895 2367 936 2438 2⁰,
960 2365 1142 2424 “dicendum

190 2471 234 2526 est
248 2484 331 2544 posse
344 2465 441 2526 Deum
454 2469 545 2525 totum
564 2465 691 2524 hominis
707 2465 945 2542 justificationem
959 2483 977 2522 a
989 2467 1086 2540 prima
1097 2483 1142 2524 vo-

190 2569 303 2628 catione
316 2588 409 2646 usque
422 2568 460 2628 ud
472 2568 648 2628 infusionem
667 2567 770 2644 grutiae
784 2571 814 2626 et
826 2566 1023 2627 remissionem
1036 2567 1144 2644 peccati

186 2667 218 2728 iu
232 2687 290 2728 uno
313 2667 435 2728 instanti
457 2687 665 2728 consummare.
707 2669 756 2726 Ita
775 2667 858 2726 docet
870 2667 906 2726 D.
918 2667 1044 2726 Thomas
1059 2667 1102 2744 (1.
1115 2671 1141 2724 2.

187 2790 216 2848 q.
235 2773 302 2843 113,
318 2789 343 2830 o.
363 2770 422 2848 10),
434 2770 486 2830 ubi
499 2770 704 2830 hunomodum
711 2767 927 2846 justificationis
939 2767 1142 2827 miraculosum
1202 2759 1203 2812 1

192 2876 288 2944 voest,
312 2875 342 2929 et
365 2873 463 2930 censet
486 2871 576 2931 fuisse
600 2872 726 2932 Paulum
747 2871 801 2930 hoc
825 2868 1141 2946 modojustifiootum.''

186 2971 273 3046 Idem,
288 2972 358 3031 ibid.
374 2991 402 3031 n.
413 2977 444 3031 4.

225 3070 293 3130 ⁴⁶33.
311 3069 352 3130 30.
376 3069 409 3129 Si
431 3088 498 3129 vcro
520 3069 692 3147 justificatio
714 3072 859 3146 spectetur
882 3071 918 3126 ut
938 3067 1001 3142 ipsa
1023 3069 1143 3128 actualis

194 3170 346 3230 translatio
364 3173 474 3230 ostatu
488 3169 599 3247 peccati
621 3171 658 3228 ad
687 3173 795 3228 statum
817 3167 928 3244 grctioe,
955 3171 1026 3226 tunc
1050 3169 1143 3227 dicen·

192 3271 261 3330 dum
273 3290 346 3344 eom,
363 3269 458 3347 posits
470 3268 577 3328 ultima
590 3268 786 3346 dispositione,
808 3267 906 3326 statim
920 3267 992 3337 fieri,
1010 3267 1074 3327 sinc
1086 3269 1145 3326 ullo

195 3388 276 3429 more
289 3371 428 3448 temporis
442 3373 472 3428 et
485 3389 544 3428 uno
558 3368 681 3428 instanti
695 3391 702 3441 ς
725 3368 810 3428 etita
824 3372 859 3426 ut
871 3366 1016 3424 incudem
1037 3371 1144 3444 puncto

192 3471 329 3546 temporis
351 3468 576 3530 concomitanter
598 3470 671 3528 dant
697 3466 824 3528 remissio
846 3466 958 3544 peccati
984 3469 1015 3524 et
1037 3466 1143 3526 infusio

193 3571 304 3643 gratie.
353 3570 482 3645 Tempore
503 3589 569 3646 ergo
591 3569 719 3628 remissio
741 3572 862 3626 nonest
888 3566 965 3643 prior
988 3565 1141 3638 infusione,

188 3666 253 3739 etsi,
269 3672 305 3728 ut
319 3669 362 3729 cit
375 3669 509 3728 Surucou
522 3673 562 3748 (q.
578 3674 604 3744 2,
621 3689 647 3729 c.
666 3673 690 3741 1,
705 3687 735 3730 n.
752 3667 793 3746 5),
809 3665 862 3726 illo
880 3665 934 3746 huc
947 3664 1055 3726 uoturd
1068 3665 1143 3745 prior
