2424 4300
206 447 263 509 ¹7²
568 422 768 487 DeGralriz.
1001 425 1159 510 [nisan.

203 611 291 653 rernm
315 591 462 650 inflictum
484 593 537 649 est.
579 589 753 648 Intellectus
779 591 822 648 sic
843 590 1028 650 remeatus
1056 596 1160 653 nnllam

202 693 365 765 veritatem,
382 690 482 750 saltem
496 693 530 747 nt
543 695 660 761 certam,
672 689 730 746 nisi
744 690 875 766 adjutus,
890 690 1036 751 invenire
1049 701 1151 770 petest.

242 797 289 854 46.
311 793 394 867 Ileap.
418 796 437 823 “
450 789 628 865 Ignorantia)
637 789 746 847 vulnus
755 810 813 847 non
825 791 987 850 abstulisse
999 797 1162 870 potentiam

201 891 390 970 cognoscendi
403 889 541 949 veritates
557 908 656 947 omnes
677 890 835 962 naturales,
853 891 906 948 sed
923 892 1091 954 abstulisse
1104 901 1162 954 tum

201 989 449 1071 supernaturalem
464 989 666 1064 cognitionem,
686 993 750 1046 tum
765 991 856 1046 etiam
869 992 1003 1066 speciale
1016 995 1161 1054 auxilinm

201 1111 252 1153 sen
264 1089 451 1170 privilegium
464 1092 543 1148 reete
551 1088 749 1164 cognoscendi,
759 1088 862 1146 datum
875 1090 909 1147 in
922 1095 1008 1151 statu
1021 1093 1161 1154 innocen

201 1193 250 1254 tia
267 1191 345 1252 ultra
360 1207 466 1249 meram
480 1187 702 1265 possibilitatem
715 1191 839 1248 naturae.
873 1189 963 1248 Unde
976 1191 1036 1251 hoe
1054 1194 1162 1252 vulnus

202 1311 259 1353 non
286 1289 383 1350 reddit
403 1287 551 1347 hominem
574 1287 689 1364 lapsum
711 1287 950 1364 impotentiorem
977 1293 1018 1350 ad
1039 1313 1161 1369 eognos-

201 1391 322 1453 cendum
344 1407 430 1467 quarn
452 1393 526 1446 esset
544 1387 573 1444 in
592 1406 666 1462 pura
678 1391 803 1447 natura:
825 1389 876 1446 sed
889 1409 970 1448 nnnc
990 1395 1037 1450 est
1052 1394 1161 1452 vulnus

201 1489 380 1569 ignorantiae,
397 1487 474 1564 qnod
489 1493 558 1545 tune
578 1491 652 1545 esset
664 1507 739 1564 pura
751 1487 921 1561 nescientia,
936 1490 985 1548 vel
999 1491 1160 1553 difficultas

201 1591 309 1652 sciendi
322 1587 434 1648 homini
449 1586 674 1646 connaturalis.”
718 1587 839 1658 Susum,
855 1589 876 1646 l.
892 1594 917 1658 l,
931 1610 956 1648 e.
973 1595 1042 1662 l‚n.
1062 1597 1111 1651 19.

241 1693 287 1754 47.
315 1688 410 1766 optet.
427 1691 454 1758 2,
484 1691 582 1746 eontra
602 1687 677 1745 hane
697 1698 728 1745 et
749 1693 904 1762 sequentes
930 1692 1157 1766 propositiones,

201 1789 353 1852 seeundum
382 1793 412 1847 et
436 1785 570 1862 tertiam„
585 1806 623 1845 ex
646 1787 786 1856 textibus,
808 1789 968 1865 inquibus
991 1792 1158 1852 affirmatur

202 1911 253 1950 nos
268 1887 364 1948 omnia
377 1887 481 1946 habere
497 1905 513 1944 a
528 1885 597 1957 Deo,
614 1891 644 1944 et
657 1885 733 1943 nihil
746 1906 828 1962 posse
841 1887 936 1946 iacere
950 1895 1004 1947 aut
1018 1892 1156 1968 cogitare,

202 1989 258 2052 nisi
270 1993 330 2050 Deo
345 1987 521 2066 adjuvante:
543 1987 602 2046 vid.
618 1990 726 2056 textus,
742 1988 771 2047 d.
788 1991 815 2060 3,
830 2007 861 2046 n.
877 1992 926 2060 35,
941 1993 994 2049 de.

241 2097 288 2152 48.
311 2091 392 2166 Reap.
415 2089 450 2147 ln
470 2087 531 2145 illis
552 2087 683 2146 textibus
703 2107 795 2146 sermo
813 2092 858 2147 est
871 2089 908 2146 de
924 2089 1065 2166 operibus
1077 2091 1154 2150 salu-

202 2189 321 2258 taribus.
344 2193 378 2248 nt
398 2187 504 2246 ibidem
528 2191 676 2246 ostensum
696 2191 748 2258 est,
770 2190 800 2246 et
815 2188 851 2246 de
868 2174 1042 2249 necessitate
1051 2192 1153 2266 gratiae

197 2297 231 2357 ad
244 2317 277 2356 ca
291 2291 464 2372 praestanda.
507 2291 619 2350 Slvere
633 2291 684 2348 alii
698 2291 872 2368 objiciantur
884 2301 993 2365 textus,
1004 2297 1154 2373 inquibus

197 2415 288 2458 nermo
298 2413 354 2453 non
365 2395 408 2452 est
419 2391 453 2451 de
467 2410 551 2469 opere
562 2393 614 2450 ant
624 2389 746 2448 seientia
755 2391 894 2461 salnta1i;
918 2393 1013 2452 “dieo
1027 2395 1154 2454 breviter

196 2495 273 2557 nihil
287 2515 347 2554 esse
361 2491 392 2552 in
407 2491 524 2550 homine
543 2490 620 2567 qnod
633 2510 691 2548 non
706 2491 745 2548 sit
759 2492 854 2563 aDeo‚
870 2511 929 2550 non
943 2497 1045 2552 tamen
1058 2501 1152 2554 omnia

196 2595 295 2656 eodem
309 2593 411 2667 modo;
434 2609 500 2650 nam
511 2591 643 2669 quaedam
659 2595 727 2648 sunt
742 2591 776 2648 ab
791 2591 841 2648 illo
857 2596 891 2648 nt
905 2597 1027 2652 anctore
1041 2595 1147 2670 gratie,

196 2693 329 2774 qondam
343 2697 376 2752 nt
391 2695 508 2752 anctore
522 2695 645 2761 naturae,
670 2691 731 2748 sine
746 2689 867 2767 speciali
880 2691 1062 2752 liberalitate
1076 2695 1148 2754 ultra

195 2801 309 2858 naturai
333 2795 487 2866 debitum
509 2799 538 2854 et
556 2795 623 2854 talis
641 2813 702 2854 esse
725 2797 823 2871 potest
844 2795 971 2871 cognitio
993 2800 1088 2858 unius
1106 2799 1148 2859 vel

197 2895 319 2958 alterius
333 2893 497 2956 veritatis.’'
540 2893 659 2966 Susam,
677 2893 749 2952 ibid.

237 3001 285 3055 49.
309 2993 492 3071 Objeetiones
507 2992 810 3052 Traditionalistarum
823 2993 884 3054 vid.
905 2995 986 3070 apud
999 2997 1147 3071 Pmoun,
1201 2991 1202 3060 i

198 3097 233 3156 de
244 3095 336 3165 Locis,
354 3113 382 3171 p.
395 3099 421 3167 3,
433 3113 462 3151 n.
474 3099 520 3166 46,
534 3097 584 3153 &a
621 3095 804 3171 Objeetiones
815 3097 1148 3173 contraPropositionen
1201 3153 1202 3160 ,

198 3197 351 3255 secundam
373 3199 402 3253 et
419 3193 546 3253 tertiam.
595 3193 694 3271 Objeet.
710 3201 737 3254 3.
781 3196 944 3254 “Lucerna
965 3202 1149 3276 eorporistui
1201 3257 1202 3260 ,

198 3301 242 3357 est
269 3293 370 3354 oculus
397 3297 475 3354 tuus.
519 3293 551 3354 Si
578 3295 678 3352 oculus
699 3299 768 3352 tuus
787 3295 877 3353 fuerit
897 3295 1033 3373 simplex,
1057 3305 1148 3360 totum

199 3413 302 3474 eorpus
323 3397 408 3454 taum
428 3391 560 3452 lucidum
574 3393 639 3452 erit.
683 3392 714 3451 si
728 3395 826 3452 autem
845 3393 948 3452 oculus
968 3401 1041 3454 tuus
1062 3399 1150 3459 fuerit

198 3513 331 3573 nequam,
352 3497 446 3554 totum
461 3512 563 3570 eorpus
579 3497 665 3552 tuum
679 3492 863 3551 tenebrosum
878 3493 964 3552 erit.”
1007 3496 1098 3557 Matt.
1113 3500 1149 3558 ri.
1201 3503 1202 3506 ’

198 3601 246 3668 22,
270 3599 319 3656 23.
371 3594 428 3654 Per
448 3593 565 3654 oculum
586 3591 628 3652 ibi
647 3591 811 3668 parabolice
832 3593 1016 3668 significatur
1038 3597 1149 3656 fides-
1201 3583 1202 3624 3

196 3697 298 3772 utpote
325 3711 386 3771 qua
408 3694 471 3754 tota
493 3692 590 3752 anima
613 3689 807 3751 illuminatur.
850 3693 936 3767 Ergo,
961 3713 999 3752 ex
1025 3699 1148 3756 seeundo
1201 3755 1202 3794 p
