2424 4300
91 421 174 464 msr.
192 399 241 484 v.]
293 399 347 465 De
364 398 485 465 Gratia
501 400 592 466 Med.
609 405 642 465 et
653 399 939 486 Eleu—positive.
991 422 1047 484 ¹²7

90 567 110 625 l.
129 570 175 638 10,
192 586 217 626 c.
236 571 264 638 8,
283 587 311 625 n.
330 571 375 624 19.
417 568 455 625 Iu
479 568 533 626 hoc
556 567 660 626 ultimo
680 569 743 628 loco
758 568 881 627 affirmat
896 567 1048 628 confirma-

91 664 201 725 tionem
215 665 249 724 in
263 665 359 742 gratia
382 686 441 742 qna
461 670 546 726 ructa
566 667 624 726 fuit
645 668 678 727 B.
694 668 784 744 Virgo
797 667 923 726 multum
937 667 1052 728 differre

91 786 108 825 u
121 765 343 826 confirmatione
357 766 478 826 eliorum
500 768 682 841 Sanctorum,
699 771 738 841 et,
754 772 859 846 praeter
873 768 938 838 alie,
953 769 983 828 in
999 770 1052 829 hoo

91 869 171 945 quod
184 868 233 928 illi
248 872 363 928 tantum
379 889 396 927 a
409 869 580 934 mortalibus
593 869 718 946 peccatis
732 869 899 946 praeservati
914 874 991 930 sunt.

132 969 180 1026 22.
204 967 263 1028 VI.
288 974 306 1002 “
319 968 568 1034 Quemadmodum
580 969 615 1028 de
626 969 660 1027 B.
670 969 791 1045 Virgine
801 973 882 1028 tenet
891 969 1051 1030 Ecclesia.”

95 1069 134 1128 1⁰.
157 1069 224 1128 Etsi
240 1069 404 1142 Concilium
418 1068 525 1128 directe
544 1089 603 1128 nou
623 1069 769 1129 definierit
788 1069 1002 1130 immunitatem
1016 1071 1050 1129 B.

92 1170 225 1246 Virginis
240 1172 278 1230 ab
292 1170 371 1230 omni
394 1175 511 1247 peccato
534 1170 622 1230 etiarn
643 1170 799 1242 levissimo,
821 1170 942 1230 dicendo
956 1177 1053 1230 tamen

91 1271 257 1330 Ecclesiam
271 1291 334 1331 eam
348 1275 455 1345 tenere,
472 1291 504 1332 eo
518 1271 581 1349 ipso
601 1271 729 1331 declarat
749 1290 810 1330 esse
831 1271 934 1348 dogma
949 1272 1051 1331 Catho-

92 1371 209 1432 licum:
232 1373 363 1432 Ecclesia
384 1372 463 1432 enim
486 1391 670 1450 nequaquam
694 1378 792 1432 tenere
816 1376 912 1450 potest
934 1373 1051 1432 falsum.

94 1472 161 1532 Sola
174 1474 303 1551 quaestio
318 1493 379 1534 esse
392 1478 488 1551 potest
501 1493 538 1533 au
551 1473 709 1551 propositio
729 1473 817 1534 istam
837 1472 1051 1533 immunitatem

95 1574 241 1634 affirmans
265 1575 305 1634 sit
328 1575 363 1634 de
386 1575 444 1634 fide
458 1575 615 1647 Catholice,
640 1580 670 1633 et
691 1575 755 1634 ideo
769 1573 926 1652 propositio
945 1593 1054 1650 negans

95 1671 133 1732 sit
155 1673 320 1734 hreretice?
371 1674 413 1732 1⁰.
447 1674 516 1734 Siue
539 1673 637 1746 dubio,
660 1673 819 1751 propositio
843 1673 988 1732 affirmans
1009 1677 1054 1731 est

96 1773 199 1834 saltem
214 1775 350 1852 proxime
363 1775 441 1846 fidei,
463 1780 493 1835 et
512 1794 622 1850 negans
635 1774 769 1852 proxima
782 1775 885 1834 haeresi
900 1795 907 1833 ε
932 1773 974 1846 20,
991 1772 1052 1832 sine

96 1875 192 1951 dubio,
210 1875 370 1956 propositio
386 1877 530 1935 affirmans
542 1880 586 1936 est
599 1876 755 1934 definibilis
770 1877 805 1934 de
817 1875 884 1933 fide.

137 1982 184 2036 23.
209 1980 253 2040 20.
277 1979 388 2038 Preater
402 1980 435 2037 B.
450 1977 611 2054 Virginem,
627 1977 744 2035 nullum
767 1976 858 2036 alium
874 1993 981 2056 purum
1001 1975 1050 2032 ho-

97 2074 202 2136 minem
217 2077 259 2157 (si
273 2077 400 2154 excipias
413 2076 576 2154 Baptistam
589 2081 619 2136 et
631 2077 650 2136 J
651 2075 795 2150 eremiam,
812 2077 909 2135 umbos
922 2075 955 2133 in
968 2081 1052 2134 utero

97 2181 225 2237 materno
255 2177 459 2256 sanctificatos)
489 2177 630 2254 accepisse
654 2177 815 2253 perfectum
835 2175 910 2234 illud
933 2173 1052 2252 privile-

98 2274 186 2350 gium,
211 2297 326 2355 nempe,
352 2296 503 2354 nunquam
525 2295 577 2352 per
597 2279 688 2334 totam
708 2276 798 2335 vitam
813 2273 961 2352 peccandi,
976 2292 1052 2332 eom·

98 2377 192 2436 munis
217 2381 250 2437 et
273 2377 374 2455 (mihi)
399 2383 478 2436 certa
501 2382 546 2435 est
570 2374 723 2434 sententia.
765 2377 961 2450 Argumenta,
986 2391 1050 2449 quse

98 2473 183 2534 etium
209 2477 278 2535 illos
298 2477 370 2556 duos
394 2474 579 2551 excipiendos
599 2494 661 2533 esse
675 2473 795 2532 suadere
809 2473 985 2542 viderentur,
1002 2489 1051 2531 ne·

100 2591 248 2652 quaquam
262 2575 345 2633 firme
359 2581 437 2634 sunt.
479 2575 548 2632 Vid.
566 2575 657 2633 Sicu.
673 2593 702 2631 n.
719 2574 786 2644 227,
802 2573 851 2630 dre.

137 2674 204 2735 ⁴⁶24.
230 2675 272 2734 3⁰.
300 2675 424 2741 Quidam
445 2672 651 2732 existimabant
673 2671 837 2746 Apostolos,
861 2673 927 2746 post
952 2687 1048 2746 recop-

99 2778 161 2836 tum
177 2781 205 2841 S.
223 2780 366 2856 Spiritum
377 2778 409 2837 iu
423 2779 603 2850 Pentecoste,
619 2795 678 2835 non
691 2774 818 2852 amplius
827 2793 957 2851 peccasse
972 2773 1049 2832 veui·

101 2875 192 2938 aliter.
244 2880 309 2938 Hoc
337 2879 372 2938 de
398 2877 563 2936 venialibus
590 2876 717 2953 perfecte
740 2873 907 2934 deliberatis
930 2892 996 2932 vero
1020 2876 1051 2933 et

101 2975 184 3046 valde
194 2979 342 3056 probabile
356 2981 419 3038 est:
442 2977 477 3035 de
501 2976 665 3034 venialibus
687 2994 755 3035 vero
780 2967 972 3051 subreptionis
993 2972 1048 3032 im·

101 3075 246 3148 probabile
260 3099 321 3138 esse
335 3097 446 3137 censeo.
487 3077 561 3134 Hoec
575 3075 662 3149 euim,
678 3075 741 3134 sius
761 3074 923 3152 privilegio,
939 3073 959 3132 i.
974 3092 999 3134 e.
1012 3092 1051 3134 cx

102 3172 194 3249 dictis,
220 3178 278 3238 nisi
300 3177 401 3236 fomite
424 3175 534 3254 peccati
557 3175 656 3250 ligato,
678 3175 772 3234 vitare
792 3193 850 3232 non
870 3176 1049 3250 potueruut:

102 3270 130 3330 iu
146 3275 181 3335 iis
195 3284 291 3338 autem
315 3278 394 3336 bunc
416 3277 544 3334 fomitem
565 3275 687 3350 ligatum
707 3273 796 3332 fuisse
816 3273 897 3332 nullo
911 3272 1052 3348 probabili

103 3383 269 3448 argumento
283 3377 462 3446 ostenditur3
484 3375 542 3432 imo
557 3373 741 3446 contrarium,
757 3372 851 3450 quoad
867 3373 897 3429 S.
914 3371 1048 3444 Paulum,

104 3469 726 3548 probabiliter·colligitur-exuuor.xii.7.
996 3456 1004 3467 ’

141 3570 208 3632 ⁴⁵25.
233 3574 275 3632 4⁰.
300 3572 436 3632 llobesin
453 3571 482 3630 S.
498 3570 608 3626 Thomu
621 3568 771 3644 Aquinate
781 3566 948 3643 exemplum
961 3564 1051 3643 porti·

104 3665 156 3728 ulis
169 3671 323 3749 privilegii,
339 3671 429 3747 ligato
442 3669 543 3728 fomite
557 3669 621 3746 ejus
634 3669 729 3744 quood
745 3685 834 3726 uuam
848 3665 973 3744 speeiem
986 3683 1050 3743 poo-
