2410 4314
99 419 276 505 n1sr.111.]
324 421 380 486 De
397 421 518 488 Gratiis
533 419 693 490 elevante:
713 419 862 510 positive.
1017 429 1054 490 61

97 585 266 647 voluntatis
279 586 493 663 consentientis,
511 609 577 675 cum
597 610 655 668 quo
674 609 735 650 nou
750 593 808 651 stat
821 587 910 649 simul
923 588 1059 652 resisten-

96 685 154 758 tia,
170 704 236 765 quas
249 686 284 747 fit
296 707 348 765 per
368 687 509 750 actualem
533 689 695 750 dissensum
718 689 766 750 vel
787 686 971 767 negationem
990 710 1057 750 con-

97 805 214 861 sensus,
239 807 304 866 quae
328 791 374 850 est
393 789 586 868 repugnantia
606 809 706 851 seusus
727 787 887 868 compositi,
910 789 1058 868 quianon
1138 861 1140 866 ,

96 891 201 964 potest
213 907 259 948 res
273 887 434 950 simulasse
448 893 478 950 et
490 909 549 950 non
563 910 623 951 esse
636 889 665 952 :’'
679 887 751 950 ibid.
767 909 796 949 n.
814 895 841 951 6.

141 989 192 1046 it6.
214 989 289 1050 Haec
313 989 417 1064 omnia,
434 990 512 1068 quod
529 991 567 1050 ad
587 989 746 1050 doctrinam
766 988 883 1064 attinet,
906 989 1057 1052 verissima

95 1091 191 1148 sunt:
214 1089 263 1148 sed
287 1090 389 1150 modus
411 1090 552 1170 loquendi
575 1089 747 1150 conformari
769 1087 886 1150 ridetur
907 1092 1057 1168 systemati

95 1187 292 1266 Congruismi-
312 1189 361 1269 (de
385 1211 453 1270 quo,
482 1191 510 1250 d.
538 1191 579 1270 8).
629 1189 725 1268 Magis
749 1187 845 1268 placet
865 1189 940 1252 alter
953 1191 1057 1250 modus

95 1289 250 1368 loquendi,
266 1310 352 1368 quem
366 1290 496 1352 insinuat
508 1291 585 1351 idem
604 1290 687 1370 (ibid.
703 1311 731 1350 n.
747 1290 789 1369 7),
811 1295 921 1370 utpote,
936 1296 971 1352 ut
982 1289 1056 1351 mihi

95 1389 228 1462 videtur,
242 1391 387 1450 communi
406 1391 503 1452 sensui
525 1389 657 1452 fidelium
680 1390 861 1452 conformior.
902 1391 969 1453 Etsi
989 1411 1056 1468 ergo

97 1487 196 1550 omnis
210 1489 304 1568 gratia
317 1490 448 1552 excitans
471 1489 510 1552 sit
533 1491 631 1570 aliquo
652 1491 736 1552 modo
757 1489 845 1550 etiam
860 1490 1010 1569 adjuvans,
1026 1495 1056 1551 et
1171 1497 1172 1500 ’

97 1589 197 1650 omnis
219 1591 314 1669 gratia
337 1593 477 1671 adjurans
500 1592 539 1652 sit
562 1612 680 1670 quoque
695 1591 793 1670 atiquo
813 1592 897 1650 modo
911 1591 1052 1664 excitans,

96 1711 202 1752 censeo
214 1695 312 1753 tanim
325 1692 446 1770 gratiam
458 1691 654 1770 adjuvantem,
666 1697 701 1752 ut
714 1692 755 1752 sio
769 1695 799 1752 et
812 1691 925 1770 proprie
936 1691 1053 1765 dietam,

97 1811 163 1852 esse
175 1811 288 1852 omnem
312 1792 435 1869 gratiam
455 1813 520 1872 quac
544 1796 610 1872 post
629 1791 753 1872 primam
766 1791 942 1852 excitantem
956 1792 1053 1868 datur,

97 1891 162 1952 sive
175 1891 203 1953 ei
216 1893 389 1954 assentiatur
400 1894 460 1955 sive
474 1915 541 1955 non.
584 1893 684 1955 Gratia
694 1891 787 1972 prima
801 1891 932 1953 excitans
943 1913 1056 1973 semper

96 2013 185 2054 suum
208 1995 343 2055 effectum
365 1995 564 2055 immediatum
589 1994 718 2068 sortitur,
744 2013 857 2071 semper
877 1994 1052 2069 excitando,

97 2093 135 2154 fit
149 2093 226 2154 enim
240 2115 257 2154 a
269 2095 331 2156 Deo
353 2095 385 2155 in
405 2095 487 2157 nobis
511 2095 573 2156 sine
592 2095 683 2155 nobis.
725 2095 819 2154 Menti
831 2095 891 2172 jam
907 2096 1052 2170 excitatae,

97 2203 129 2254 et
142 2213 208 2272 ergo
222 2214 279 2256 nou
292 2195 435 2270 indigenti
450 2195 508 2255 alia
521 2195 616 2273 gratii
626 2199 661 2254 ut
674 2197 815 2268 exorietur,
833 2195 939 2255 dantur
951 2197 1051 2272 gratia

98 2295 306 2374 subsequentes
321 2300 354 2356 ut
367 2297 521 2372 offocetur.
564 2295 622 2368 Sic,
638 2295 662 2354 si
676 2294 789 2363 Petrus,
812 2299 877 2372 post
897 2300 1049 2373 peccatum

98 2395 266 2470 admissum,
301 2396 445 2458 excitetur
476 2397 512 2456 ad
542 2395 758 2473 poenitendum,
781 2414 815 2454 co
839 2393 902 2472 ipso
925 2395 1049 2474 percipit

97 2497 278 2557 honestatem
292 2501 322 2557 et
334 2497 532 2558 necessitatem
551 2493 747 2574 poenitentia,
769 2498 800 2554 et
819 2494 856 2553 ad
876 2513 939 2555 eam
959 2515 1047 2574 agen·

99 2597 167 2656 dam
180 2597 337 2658 inclinatur
355 2597 498 2676 (suppono
513 2597 590 2657 enim
611 2593 735 2673 gratiam
756 2592 932 2655 excitantem
956 2598 986 2656 et
1003 2594 1047 2654 iu·

99 2696 233 2757 telleotbs
255 2701 286 2757 et
308 2697 499 2776 voluntatis);
521 2695 621 2756 statim
642 2694 766 2772 gratiam
788 2692 892 2772 recipit
916 2692 991 2772 (sive
1008 2693 1047 2755 sit

100 2796 199 2858 eadem
212 2796 380 2857 continuata
394 2797 455 2857 sive
466 2816 533 2870 non,
549 2797 585 2856 de
598 2815 657 2874 quo
667 2794 739 2872 jam,
755 2813 783 2854 u.
799 2793 830 2872 7)
845 2813 905 2872 qua
918 2793 1049 2855 elevatur

100 2901 129 2957 et
141 2896 298 2975 adjuratur
311 2897 347 2956 ad
361 2897 457 2974 ipsum
477 2915 549 2974 opus
566 2894 754 2974 poenitentias
768 2893 973 2974 praestandum.
1016 2895 1048 2956 si

99 2995 166 3057 huie
179 2996 279 3074 gratia
293 2997 384 3071 cedat,
401 2997 502 3058 efficax
513 2995 677 3072 estgratia3
699 2993 723 3054 si
737 2995 764 3057 ei
776 2993 900 3070 resistat,
916 2993 1048 3058 inefficax

100 3104 152 3159 est.
191 3095 424 3170 Vid.W1aosrs,
440 3117 468 3174 q.
488 3100 553 3170 111,
568 3115 599 3156 n.
617 3095 661 3156 17.

138 3195 185 3262 17.
207 3199 254 3256 An
276 3196 372 3275 gratia
393 3196 535 3276 adjuvans
557 3180 737 3256 sit'reuliter
757 3193 894 3256 distincta
913 3215 930 3255 a
953 3195 1047 3273 gratia

100 3295 267 3358 excitante?
306 3297 365 3356 Eas
379 3315 497 3356 numero
516 3280 688 3355 virtualiter
696 3293 847 3372 ditingui‚
864 3298 894 3354 et
907 3294 1047 3373 adjuran-

100 3407 158 3458 tem
170 3396 310 3457 excitanti
323 3395 434 3474 aliquid
447 3395 532 3470 reale,
545 3412 653 3454 novum
666 3413 770 3470 nempe
780 3394 935 3468 auxilium,
948 3413 1046 3472 super·

100 3497 209 3568 addere,
232 3496 372 3574 quioquid
394 3497 513 3556 obscure
540 3494 670 3554 dixerint
691 3495 809 3571 quidam
831 3499 951 3566 veteres,
974 3494 1047 3552 mihi

101 3601 206 3658 certum
219 3601 249 3657 et
263 3597 373 3657 clarum
382 3600 434 3656 est.
473 3596 581 3656 Utrum
595 3599 691 3654 autem
706 3593 863 3654 intrinsece
873 3594 1045 3671 discrepent,

101 3703 130 3759 et
142 3696 261 3758 diversa
280 3695 339 3756 sint
359 3700 480 3769 naturae,
495 3715 533 3756 an
546 3712 614 3756 vero
639 3695 768 3772 ejusdem
789 3695 848 3755 siut
862 3697 989 3767 ,natura
1005 3693 1047 3754 ita
