2402 4292
68 436 167 487 mrsu.
183 412 276 509 run]
320 413 501 486 Concordia
518 412 646 486 Gratia
660 425 694 486 ot
705 414 895 486 Libertatis.
972 434 1033 503 273

69 587 135 648 sed
148 606 164 647 e
177 585 320 648 contrario
333 607 371 648 ex
385 586 481 664 gratia
498 587 614 647 omnino
629 589 717 650 habet
730 587 808 666 quod
821 585 913 665 possit
926 585 1035 647 salum·
1094 543 1097 549 Ι
1130 570 1132 574 ’

68 689 153 748 liter
178 688 300 766 operari,
329 693 362 748 et
380 689 459 767 quod
479 688 523 749 ita
548 693 693 767 operetur.
736 695 755 725 “
764 689 875 750 Nullus
901 689 1032 762 effectus,
1144 689 1146 694 ’

66 790 223 868 nullaque
243 789 328 864 actio,
349 794 401 850 aut
414 789 489 850 ratio
502 790 633 850 formalis
646 790 769 851 actionis
781 789 829 850 vel
848 789 968 850 effectus
981 794 1034 861 eet,

68 908 149 969 que
170 890 208 951 sit
221 911 239 950 a
251 891 342 951 libero
362 890 493 964 arbitrio,
514 895 545 951 et
564 911 623 951 non
643 891 732 951 simul
752 910 785 950 ac
799 890 943 967 precipua
963 889 1035 951 sita

69 995 146 1052 Deo
159 994 329 1069 cooperante
347 993 378 1051 et
395 990 594 1069 coadjuvante,
615 990 690 1069 quin
706 989 805 1068 potius
819 993 899 1050 totus
915 989 1036 1050 effectus

68 1094 201 1170 totaque
221 1091 305 1164 actio,
326 1092 474 1152 totalitate
493 1095 528 1152 ut
547 1095 654 1153 vocant
674 1091 803 1165 effectus,
826 1094 856 1150 et
876 1095 920 1150 eet
939 1090 1035 1151 aDeo

8 1183 11 1188 ¹
67 1199 107 1255 et
130 1195 167 1254 ab
187 1193 307 1254 arbitrio
327 1197 435 1268 nostro,
457 1197 599 1272 tanquam
619 1215 637 1264 a
657 1193 770 1264 duabus
789 1191 923 1270 partibus
943 1189 1032 1252 unius

68 1296 203 1374 integras
223 1313 316 1356 caueae
336 1299 397 1356 tam
417 1296 537 1357 actionis
555 1285 644 1375 quam
664 1297 801 1357 effectus:
824 1315 883 1355 non
904 1313 987 1356 moue
1000 1313 1033 1355 ac

68 1397 198 1474 quando
211 1397 268 1456 duo
278 1395 396 1473 agentia
407 1400 526 1457 movent
536 1398 642 1457 mobile
653 1395 781 1474 aliquod,
791 1395 870 1473 quod
882 1400 1031 1469 neutrum,

69 1516 105 1556 so
128 1496 241 1575 inflare
260 1515 312 1576 poc
332 1500 399 1556 acia
418 1496 523 1574 instuit,
546 1500 684 1569 moveret,
705 1494 764 1555 nisi
782 1499 951 1572 cooperante
964 1495 1031 1568 alio,

68 1615 231 1674 unumque
251 1596 373 1667 illorum,
388 1596 540 1673 agentium
560 1597 654 1673 magis
674 1615 708 1656 ac
727 1595 919 1674 principalius
931 1594 1034 1656 influit

70 1715 170 1775 quam
189 1695 279 1755 aliud.
319 1696 570 1762 Quemadmodum
590 1697 669 1756 enim
690 1700 761 1755 tuno
784 1695 861 1755 nihil
883 1698 927 1754 est
949 1695 982 1753 in
1000 1713 1033 1754 eo

69 1801 171 1868 motu,
188 1795 267 1873 quod
279 1814 338 1854 non
352 1795 391 1855 sit
404 1797 440 1854 ab
453 1815 630 1874 unoquoque
643 1796 762 1855 illorum
778 1794 968 1867 moventium,
984 1794 1034 1854 sod

72 1894 247 1974 partialiter
266 1895 445 1972 partialitate
464 1913 558 1955 cause
582 1899 613 1956 et
632 1913 691 1955 non
713 1894 842 1968 effectus,
864 1893 935 1972 quia
954 1897 1034 1954 totus

74 1995 203 2056 effectus
219 1997 263 2054 est
276 1994 312 2054 ab
325 1994 387 2068 illo,
410 1994 461 2055 sed
473 1998 643 2072 cooperante
656 1995 745 2054 simul
763 1993 829 2068 alie,
844 1993 1034 2070 influxusqua

75 2096 176 2174 major
195 2095 284 2155 unius
303 2095 422 2155 illorum
441 2095 624 2156 moventium
644 2096 676 2155 in
696 2115 764 2156 eum
784 2098 895 2154 motum
915 2097 1034 2154 nonest

74 2195 164 2256 aliud
177 2213 266 2272 quam
278 2199 375 2255 motus
394 2195 456 2273 ipse
471 2200 618 2274 spectatus
635 2200 670 2255 ut
683 2189 806 2273 precise
816 2196 852 2254 ab
865 2193 917 2252 illo
930 2192 1035 2271 majori

75 2296 111 2355 vi
133 2299 260 2369 emanat,
283 2295 332 2355 sed
352 2300 524 2372 cooperante
543 2295 632 2356 simul
646 2295 721 2355 alio:
745 2300 776 2355 et
795 2293 928 2352 influxus
940 2293 1035 2353 minor

77 2394 205 2455 alterius
225 2394 406 2455 moventium
424 2415 483 2455 non
502 2400 547 2456 est
564 2395 650 2454 eliud
665 2413 753 2472 quam
771 2393 850 2453 idem
863 2392 925 2470 ipse
937 2395 1035 2452 motus

78 2497 241 2574 spectatus]
251 2495 371 2573 praecise
392 2500 427 2557 ut
444 2497 549 2556 minori
565 2497 593 2556 vi
612 2497 648 2555 ab
662 2515 695 2555 eo
709 2498 833 2567 emanat,
854 2494 904 2553 sed
918 2493 1034 2571 coadju-

77 2599 172 2658 vante
192 2597 259 2674 plue
281 2598 393 2658 altero:
413 2597 457 2658 ita
472 2617 518 2658 res
536 2598 628 2682 hebet
639 2597 671 2656 in
684 2595 859 2674 proposito.”
901 2594 988 2668 Idem,
1006 2593 1034 2654 d.

81 2700 130 2756 12.
156 2701 176 2731 “
186 2697 291 2763 Quivis
303 2697 421 2757 illorum
436 2701 553 2758 actuum
566 2696 726 2777 [credendi,
740 2692 874 2778 sperandi
888 2695 939 2753 deo.
954 2692 1034 2752 salu·

77 2795 203 2876 tariter]
218 2801 298 2858 totus
316 2801 361 2857 est
375 2798 496 2858 alibero
509 2796 638 2870 arbitrio,
655 2799 685 2856 et
697 2799 777 2856 totus
790 2813 806 2854 a
819 2792 913 2870 gratia
926 2811 1036 2869 praeve·

79 2896 192 2970 niente,
219 2915 271 2956 seu
291 2917 308 2956 a
328 2899 392 2958 Deo
412 2917 465 2974 per
486 2917 550 2957 eam
573 2901 713 2974 tanquam
737 2913 790 2972 per
815 2891 1038 2970 supernaturale
1106 2949 1109 2958 ,

77 2993 312 3056 instrumentum
335 2997 368 3056 in
392 2997 517 3056 eundem
543 3001 641 3055 actum
663 2993 820 3054 influente:
843 2997 874 3052 at
893 3011 910 3052 a
931 2995 1035 3052 neutro

79 3100 134 3170 est,
160 3103 196 3156 ut
216 3116 234 3156 a
253 3101 317 3156 tota
336 3102 366 3156 et
388 3095 504 3174 integra
530 3115 624 3168 causa,
648 3096 698 3155 sed
720 3099 755 3154 ut
775 3097 892 3170 aparte
911 3092 1035 3168 ¹integre

81 3195 207 3256 causoe.’'
248 3195 338 3271 Idem,
355 3197 384 3256 d.
401 3201 449 3257 36.
490 3195 550 3258 Vid
564 3197 686 3269 Susum,
702 3195 808 3272 Opuso.
825 3196 851 3266 1,
866 3191 886 3252 l.
899 3196 927 3266 3,
943 3211 969 3252 c.
986 3194 1032 3264 14,

79 3311 110 3352 n.
133 3299 161 3353 2.

121 3398 170 3454 96.
197 3393 237 3456 7⁰.
259 3396 343 3456 Idem
363 3398 471 3470 auctor,
485 3395 514 3456 d.
530 3400 577 3469 39,
598 3393 705 3454 clarius
727 3391 848 3470 exponit
861 3391 918 3450 duo
931 3386 1032 3449 discri-

80 3492 170 3568 mina,
193 3493 226 3554 in
245 3495 391 3573 prioribus
410 3495 657 3575 disputationibus
679 3492 818 3565 indicata,
845 3489 953 3550 “inter
965 3507 1032 3549 oon-

81 3610 199 3653 cursum
212 3595 271 3655 Dei
284 3596 448 3672 generdem
467 3615 533 3656 cum
552 3595 645 3655 libero
662 3592 782 3653 arbitrio
796 3591 832 3651 ad
851 3593 932 3650 aetus
945 3593 1031 3649 natu-

81 3693 157 3754 rales
180 3698 211 3756 et
233 3696 382 3756 auxilium
403 3697 504 3775 gratia
525 3693 740 3773 provenientis,
762 3697 800 3754 ex
818 3709 852 3753 ea
870 3693 953 3769 parte
973 3686 1032 3768 qui

499 3797 556 3855 13*
