2402 4292
61 423 157 470 mse.
174 405 222 492 11.]
284 407 341 474 De
354 406 639 496 Driposzi'zbm'bus
653 411 700 476 ad
714 408 862 498 Juslzflc.
961 433 978 494 3
984 433 1022 499 53

115 576 161 634 10.
188 573 289 651 Otjcct.
316 579 341 638 1.
363 577 402 636 In
422 577 555 638 omnibus
578 578 649 638 locis
673 578 841 657 Scripturas,
864 576 1025 656 inquibus

60 671 181 732 mentio
194 673 230 733 fit
244 673 314 734 fidei
332 675 532 752 justificantia,
554 677 730 737 vocabulum
741 679 814 756 Jtdcc
831 677 950 756 (1111111)
965 676 1022 754 sig·

61 773 173 834 nificat
194 775 391 850 “fiduciam'’
410 781 440 838 et
459 781 581 838 verbum
602 781 681 840 oredo
702 779 855 858 (πιστευω)
877 779 1023 856 significat

65 877 90 905 ‘¹
103 873 226 948 confido,
253 876 401 956 fiduciam⁴
416 878 538 940 habeo.”
579 881 656 957 Ergo
688 881 761 941 fides
783 879 950 958 justificans
980 884 1024 940 est

59 969 185 1031 fiducia.
867 1007 872 1016 ·

112 1075 159 1129 11.
180 1071 264 1148 Beap.
285 1073 369 1149 Nego
390 1075 562 1136 antecedens
582 1075 699 1136 omnino
714 1080 745 1137 et
765 1075 903 1137 absolute.
945 1077 1021 1136 Dato

61 1171 265 1241 antecedente,
283 1174 438 1251 Distinguo
458 1195 651 1254 consequens:
672 1177 750 1252 Ergo
769 1177 842 1236 fides
858 1177 1022 1254 justificans

62 1277 114 1330 est
139 1273 246 1360 fiducia
272 1275 491 1351 Protestantica,
516 1278 623 1338 fiducia
648 1279 770 1356 propriae
793 1278 1019 1356 justificationis,
1040 1293 1047 1306 ·

62 1373 178 1431 fiducia
192 1393 249 1450 qua
263 1375 330 1451 quis
344 1376 436 1435 credit
445 1397 475 1436 se
485 1377 653 1454 justificari,
669 1383 699 1437 et
712 1378 809 1454 idque
819 1377 1018 1455 justificatur:

63 1472 169 1547 Nego:
204 1475 240 1531 In
267 1475 367 1550 paucis
393 1477 565 1552 quibusdam
592 1478 722 1536 textibus
748 1477 922 1538 vocabulum
948 1477 1020 1536 fides

62 1571 213 1646 significat
225 1573 371 1645 fiduciam,
388 1574 486 1652 aliquo
501 1577 557 1634 alio
571 1595 673 1636 sensu:
699 1577 847 1648 Transeat,
863 1579 973 1653 utpote,
986 1575 1019 1634 iu

62 1689 203 1746 praesene,
219 1672 328 1732 adrem
343 1693 401 1732 non
414 1675 577 1750 pertinens:
597 1676 683 1748 infra,
699 1695 730 1735 n.
749 1679 794 1735 18.

112 1775 158 1830 12.
179 1760 282 1836 Quoad
291 1774 473 1846 antecedens,
490 1775 588 1850 plures
602 1780 710 1850 textus,
727 1776 763 1834 ab
783 1778 899 1834 auctore
912 1793 1019 1833 memo·

63 1874 131 1928 rato
145 1875 174 1929 et
189 1871 225 1929 ab
246 1871 319 1944 aliis,
335 1871 407 1931 nudi
430 1877 460 1933 et
482 1875 564 1932 nulla
577 1880 628 1934 aut
648 1877 708 1935 fere
728 1875 811 1935 nulla
824 1873 1019 1952 explicatione

64 1987 119 2028 seu
133 1971 306 2030 enodatione
331 1972 470 2049 apposita,
486 1975 616 2051 congesti
637 1980 719 2048 sunt3
740 1973 824 2053 quasi
838 1975 910 2053 ipsis
923 1973 1019 2034 verbis

41 2063 45 2068 ’
64 2070 336 2130 clareetmanifesto
345 2071 1019 2152 significaretursensusProtestanticue-quod

64 2169 186 2246 quidem
205 2189 263 2230 non
276 2173 365 2231 semel
384 2172 491 2233 diserte
505 2175 630 2235 affirmat
648 2176 791 2235 O’Barnu.
832 2177 907 2236 Istos
921 2193 1019 2233 omnes

64 2274 167 2328 textus
180 2270 342 2330 exscribere
356 2275 386 2331 et
399 2277 536 2333 excutere
549 2294 622 2351 opus
640 2280 714 2335 esset
727 2274 809 2334 taedii
827 2273 1019 2334 intolerabilis

65 2369 198 2445 plenum.
237 2369 336 2430 Unum
350 2375 381 2431 et
400 2373 523 2432 alterum
543 2375 684 2447 dabimus,
698 2374 751 2452 qui
765 2381 799 2434 ut
817 2374 962 2450 graviores
981 2372 1017 2430 ab

67 2469 240 2528 adversariis
253 2471 406 2532 habentur.
449 2473 545 2533 Ceteri
559 2475 798 2533 accommodando
811 2491 948 2550 responsa
956 2473 1019 2548 jam

66 2570 208 2628 tradenda
226 2571 311 2631 facile
332 2571 449 2630 enodari
469 2578 599 2649 possunt,
622 2574 679 2646 vel,
701 2571 928 2650 utplurimum,
949 2571 1017 2629 sim-

66 2669 182 2745 pliciter
195 2673 327 2746 neganda
340 2671 579 2748 interpretatione
593 2674 809 2747 Protestantica,
822 2677 924 2750 utpote
936 2689 1017 2748 pror·

67 2788 117 2827 sus
129 2789 205 2828 vana
217 2775 248 2830 et
260 2770 337 2844 ficta,
352 2772 435 2830 nullo
449 2773 637 2832 fundamento
649 2773 729 2832 nixa.

109 2871 156 2928 la.
185 2868 304 2946 Urpetur
320 2875 346 2930 1.
370 2870 536 2932 “Credenti
558 2919 565 2934 .
588 2917 595 2932 .
618 2915 626 2934 .
649 2917 656 2932 .
678 2873 710 2931 in
724 2891 792 2932 eum
807 2870 859 2949 qui
873 2869 1017 2948 justificat

66 2964 198 3041 impium,
221 2970 376 3042 reputatur
396 2967 467 3028 fides
488 2969 550 3046 ejus
568 2969 605 3028 ad
622 2968 800 3047 justitiam.¹’
821 2969 906 3030 Rom.
924 2968 964 3028 iv.
985 2971 1020 3053 5.,

68 3071 105 3128 In
119 3071 173 3128 boc
187 3075 272 3128 textu
286 3069 357 3128 fides
370 3069 514 3145 significat
525 3071 671 3132 fiduciam.
712 3072 856 3143 O'Bnrnn,
871 3090 900 3148 p.
916 3073 962 3128 la

110 3173 156 3229 14.
177 3167 261 3248 Resp.
280 3169 317 3227 10.
339 3169 424 3228 Ficta
441 3189 559 3247 prorsus
572 3175 616 3230 est
628 3170 798 3248 interpretio
811 3169 863 3228 illa
877 3169 967 3246 (sicut
986 3173 1017 3227 et

68 3268 171 3326 similis
191 3267 388 3345 interpretatio
406 3271 488 3329 Rom.
502 3271 542 3329 iii.
559 3275 606 3342 22,
622 3275 680 3344 253
702 3270 765 3330 Gnl.
785 3269 818 3330 ii.
835 3273 881 3341 16,
895 3272 949 3341 2⁰3
970 3266 1014 3326 iii.

69 3376 123 3442 263
144 3370 251 3446 Ephes.
266 3370 287 3428 i.
299 3373 353 3440 15;
376 3370 523 3443 00L1.4;
545 3371 576 3432 ii.
594 3378 621 3445 5,
639 3375 698 3445 dcc,
713 3371 789 3450 ba),
812 3371 927 3429 nullum
947 3370 1015 3428 fun·

9 3511 12 3522 .
69 3469 246 3538 dementum,
261 3487 315 3526 nec
327 3467 510 3526 fundamenti
523 3469 664 3542 umbram,
677 3469 795 3527 habens.
825 3469 892 3527 Non
905 3467 1016 3524 minore

64 3569 131 3646 jure
144 3567 281 3625 affirmari
300 3572 396 3644 posset
408 3587 460 3644 per
479 3567 566 3627 fidem
583 3568 615 3626 in
635 3572 719 3627 textu
732 3567 843 3644 objecto
857 3565 1016 3642 significari

69 3667 278 3740 contritionem,
306 3667 486 3740 charitatem,
512 3667 661 3744 justitiam
687 3664 932 3742 commutativem,
963 3666 1013 3724 bc.
