2424 4300
71 417 153 471 nrsr.
171 404 220 492 v.]
271 398 327 471 Dc
344 404 465 472 Gratata
479 398 571 472 Med.
588 403 621 473 el
632 395 915 492 Eleu—positam.
967 423 1026 492 129

71 571 118 631 vel
141 571 256 634 visione
279 573 419 633 beatifica.
468 573 582 639 “Quod
604 593 672 632 vero
695 573 728 632 in
746 592 817 650 puro
839 571 954 632 homine
969 593 1026 632 non

71 671 188 732 vidente
202 673 300 733 Deum
320 692 379 732 non
399 671 491 750 possit
511 692 572 734 esse
593 672 661 733 talis
681 670 910 749 impeccabilitas
931 671 966 731 ab
980 671 1025 731 in-

73 771 203 846 trinseco,
227 776 341 834 certum
356 775 401 833 est
414 773 492 850 apud
506 773 633 834 omnes.’'
677 773 766 832 Sura.
780 771 851 831 ibid,
865 791 895 832 n.
911 777 939 832 2.
983 773 1026 832 2⁰.

72 872 264 934 Admittenda
277 878 321 935 est
335 893 402 950 ergo
416 873 448 932 in
462 873 584 952 Virgine
597 873 720 952 physica
733 876 859 950 potestas
872 874 1026 950 peccandi:

73 972 202 1051 alioquin
235 975 315 1036 enim
341 975 461 1036 haberet
490 975 763 1054 impeccabilitatem
796 976 832 1034 ab
865 974 1028 1035 intrinseco.

74 1075 187 1136 Sufficit
211 1082 311 1136 autem
334 1078 395 1137 haec
414 1077 533 1155 physica
556 1069 687 1154 potentia
708 1077 744 1136 ad
764 1077 888 1136 liberum
902 1079 932 1136 et
944 1076 1029 1136 meri·

74 1179 151 1247 tnm3
174 1177 253 1238 sicut
267 1178 376 1238 sufficit
389 1179 425 1238 ad
438 1182 589 1256 peccatum
609 1177 730 1256 physica
742 1178 873 1256 potentia
887 1177 923 1236 ad
932 1177 1029 1238 vitan·

74 1275 143 1334 dum
156 1281 320 1354 peccatum.
363 1279 406 1337 30.
428 1279 535 1338 Censeo
558 1279 590 1337 in
610 1299 643 1338 ea
666 1278 765 1354 fuisse,
785 1278 946 1356 presertim
966 1282 1032 1357 post

75 1374 222 1436 Christum
251 1379 444 1450 incarnatum,
467 1378 668 1454 impotentiam
692 1377 829 1437 moralem
852 1377 1031 1455 peccandi-
1059 1410 1061 1415 ·

74 1472 274 1552 impotentiam
287 1478 424 1557 moralem
438 1477 501 1536 dico
515 1497 574 1536 non
588 1477 745 1537 secundum
760 1477 839 1554 quid,
857 1478 906 1536 sed
921 1476 1029 1554 simpli·

76 1572 144 1634 citer
161 1576 278 1650 dictam,
298 1597 394 1654 supra,
421 1597 451 1638 n.
477 1582 515 1642 7:
539 1581 568 1637 et
591 1577 646 1636 hoc
665 1577 738 1635 mihi
762 1577 847 1636 valde
869 1577 980 1635 clarum
1002 1581 1031 1634 et

77 1677 186 1734 certum
201 1695 264 1735 esse
277 1675 403 1735 ridetur.
445 1677 493 1734 Ex
514 1676 606 1735 altera
630 1676 707 1734 enim
729 1682 821 1752 parte,
844 1676 959 1734 nullum
979 1677 1029 1734 ha·

75 1773 139 1833 buit
161 1775 304 1848 fomitem,
330 1777 440 1835 nullam
455 1777 650 1852 ignorantiam
672 1777 703 1834 in
722 1777 884 1848 intellectu,
907 1795 1030 1836 errorem

76 1873 197 1943 nullum,
223 1875 334 1934 malum
357 1875 450 1934 omnis
479 1877 590 1953 pcccati
624 1875 710 1934 etiam
733 1875 847 1934 minimi
874 1875 1030 1935 clarissime

77 1976 227 2050 cognorit;
250 1997 289 2036 ex
304 1977 395 2036 altera
417 1997 487 2036 vero
507 1981 599 2054 parte,
616 1981 698 2037 tanto
713 1998 808 2037 amore
823 1977 879 2037 Dei
892 1977 1029 2037 continuo

78 2077 105 2131 et
117 2076 255 2150 perrenni
275 2077 402 2149 ardebat,
418 2080 500 2136 tanta
523 2082 542 2110 “
552 2077 714 2138 coelestium
729 2078 857 2137 omnium
873 2078 1027 2137 charisma-

77 2173 136 2232 tum
151 2175 236 2252 copia
251 2175 286 2234 dc
299 2176 434 2236 thesauro
450 2175 615 2236 divinitatis
636 2179 805 2255 deprompta
817 2178 860 2238 ita
872 2161 998 2238 merifice
1008 2177 1027 2206 ''

78 2274 219 2334 cumulata
235 2275 303 2348 fuit,
324 2279 359 2334 ut
383 2280 474 2335 “eam
493 2275 667 2337 innocentiae
682 2281 711 2337 et
725 2277 887 2338 sanctitatis
900 2277 1027 2354 plenitu-

79 2370 171 2432 dinem
184 2393 246 2452 prae
261 2393 291 2434 se
304 2375 400 2448 ferret,
418 2395 477 2452 qua
489 2377 582 2452 major
595 2379 650 2436 sub
664 2379 725 2436 Deo
740 2379 907 2438 nullatenus
920 2375 1027 2435 intelli·

79 2470 165 2546 gitur,
196 2479 228 2534 et
260 2493 346 2550 quam
369 2477 475 2552 praeter
505 2475 603 2534 Deum
634 2497 718 2536 nemo
741 2477 855 2554 assequi
878 2476 1029 2551 cogitando

79 2573 197 2644 potest''
214 2575 318 2652 (Bulla
337 2575 385 2635 Pii
405 2577 472 2649 IX„
498 2580 518 2609 “
530 2576 749 2656 Ineffabilia’');
772 2582 801 2636 et
821 2578 856 2636 de
877 2597 935 2653 qua
955 2577 1029 2634 affir-

80 2674 149 2732 mari
169 2681 266 2753 potest
290 2696 353 2736 eam
385 2682 404 2710 “
421 2677 510 2736 luisse
534 2678 664 2737 omnium
683 2679 847 2738 divinarum
871 2678 1031 2754 gratiarum

82 2773 182 2848 sedam,
198 2775 391 2854 omnibusque
412 2776 506 2834 divini
527 2777 654 2854 Spiritus
674 2777 895 2838 charismatibus
909 2797 1030 2837 exorna·

81 2874 146 2946 tam,
162 2874 252 2935 immo
265 2876 421 2936 eorundem
434 2876 640 2937 charismatum
650 2877 799 2940 infinitum
812 2899 901 2956 prope
914 2879 1030 2938 thesau-

82 2989 144 3052 rum
168 2978 364 3056 abyssumque
383 2976 587 3037 inexhaustam
599 2977 617 3008 ”
640 2978 759 3058 (ibid).
800 2980 947 3046 Quomodo
968 2980 1032 3039 fieri
1072 3003 1075 3011 ¹

83 3073 176 3146 potuit
189 3081 226 3138 ut
238 3075 305 3136 talis
319 3079 449 3136 creatura
469 3076 564 3135 ullum
583 3081 734 3154 peccatum
753 3081 879 3156 perfecto
894 3081 1031 3139 delibera-

84 3174 143 3232 tum
154 3177 427 3237 admitteret-cum
436 3175 643 3238 deliberatione
654 3177 1032 3258 enimimperfectapeccare

85 3278 267 3353 nonpotuit?
