2408 4304
177 433 243 498 454
530 413 586 480 Do
602 411 736 480 Gratia.
807 371 819 378 -
972 413 1071 500 [ursa.
1086 435 1144 482 ιιιι.

175 581 278 661 ntiqne
292 579 348 642 erit
359 599 475 655 merces,
491 599 551 660 qna
564 580 596 640 in
609 581 776 642 aeternitate
790 569 1064 660 compensabuutur
1077 585 1142 644 boni

176 682 340 744 confessarii
352 704 359 754 ;
380 686 410 742 et
423 683 455 742 do
470 701 521 742 ouo
536 681 790 759 predestinatione
804 682 848 742 ita
861 683 957 742 amri
969 689 1044 743 sunt
1057 685 1082 743 ii
1096 685 1144 762 qni

176 802 206 842 se
219 783 256 842 ed
270 783 433 842 animarum
453 783 578 842 salutem
601 787 754 859 occupant,
780 785 816 842 ut
839 783 969 843 Jacobus
982 787 1144 862 Apostolus

176 883 218 962 (v.
240 884 292 961 20)
313 883 464 961 perspicue
484 884 540 942 hoo
562 886 685 942 testetur
707 883 755 941 hie
775 883 891 942 verbis:
916 883 999 950 ‘Qui
1013 887 1146 945 converti

175 983 277 1044 feeerit
298 987 474 1061 peccatorem
500 983 536 1042 ab
569 1002 665 1042 errore
687 983 745 1042 viae
766 1002 837 1056 eure,
863 984 994 1044 salvabit
1017 987 1146 1046 animum

176 1083 258 1161 eJue’
274 1083 392 1162 (nempe
405 1083 469 1161 ejus
483 1082 535 1160 qui
548 1083 679 1142 converti
700 1083 810 1156 lecerit,
827 1087 858 1144 et
871 1089 907 1144 nt
920 1085 1063 1164 loquitur
1078 1093 1143 1147 tex·

176 1189 225 1247 tue
238 1186 365 1258 Graecus,
382 1184 528 1244 ‘animam
542 1203 624 1244 suam
635 1185 658 1264 ')
685 1191 720 1244 ‘a
732 1189 835 1258 morte,
858 1188 890 1246 et
910 1187 1029 1264 operiet
1042 1190 1143 1248 multi·

176 1286 310 1346 tudinem
330 1284 531 1364 peocetorum.’
573 1285 632 1346 eea
652 1285 735 1362 luget
758 1288 849 1364 atque
871 1286 1064 1349 lamentetur
1090 1291 1141 1350 Ite·

177 1383 293 1455 cleeia,”
310 1385 357 1444 &a

218 1487 284 1548 173.
306 1483 401 1545 Testis
422 1483 562 1562 antiquus
576 1487 620 1544 est
635 1483 663 1544 S.
678 1485 824 1557 lemane,
848 1486 933 1546 aurei
953 1488 1017 1547 oris
1030 1490 1138 1562 doctor,
1198 1491 1199 1562 ,

176 1592 229 1670 qui
242 1595 287 1652 tet
299 1593 330 1652 et
343 1595 404 1650 tam
423 1589 537 1667 egregie
561 1590 597 1649 (le
618 1589 771 1649 sacerdotii
793 1590 903 1664 officiis,
919 1593 1077 1669 perieulis,
1094 1599 1140 1657 &c

176 1691 300 1770 scripsit.
341 1690 441 1751 Etiam
462 1689 551 1750 unius
572 1689 699 1748 hominis
720 1690 845 1750 salutem
868 1691 997 1770 adipisci
1011 1698 1138 1756 maxime

175 1793 379 1853 estimandum
401 1813 463 1853 esse
485 1792 545 1852 ait:
570 1791 676 1853 Ooncio
699 1797 716 1850 5
740 1792 777 1852 ale
798 1792 920 1864 Lazaro,
947 1815 979 1855 n.
1003 1803 1032 1856 2.
1076 1799 1137 1859 Ιιιιο
1198 1797 1199 1818 ’

174 1911 233 1954 non
243 1894 504 1954 dubitetafflrmere
516 1912 545 1952 se
555 1891 586 1951 id
596 1892 710 1952 credere
720 1893 891 1965 nonvelere,
910 1899 930 1929 “
940 1915 1135 1980 possequem.

174 1993 254 2074 piam
275 1993 399 2054 salutem
420 1992 565 2070 consequi,
589 1992 641 2070 qui
655 1991 691 2050 ad
704 1992 832 2069 proximi
845 1993 892 2052 sui
904 1995 1037 2057 salutem
1061 1999 1134 2060 nihil

174 2113 304 2172 unquam
330 2093 452 2170 egerit.”
499 2095 573 2149 Ουδε
591 2115 646 2166 pap
671 2115 753 2148 ovaoe
776 2113 859 2149 τουτο
885 2117 1040 2154 usercense
1063 2123 1129 2175 εχιι,

175 2192 217 2252 ὅτι
241 2197 386 2270 aegeatae
411 2197 507 2250 everri
527 2215 577 2250 τον
600 2195 684 2248 ουδεν
705 2215 746 2249 eae
766 2215 819 2269 την
839 2216 891 2251 του
911 2198 1045 2273 πλησιου
1065 2223 1130 2275 top·

176 2317 261 2352 νοντα
272 2317 423 2370 σωτηριαν.
464 2294 510 2354 De
524 2293 698 2366 SacerdotiO,
712 2293 734 2353 l.
751 2298 778 2366 6,
790 2311 819 2353 n.
833 2297 880 2354 10.
924 2297 952 2354 Ε
977 2301 1128 2373 centwio,

176 2397 259 2456 “hec
278 2399 383 2456 uostrae
404 2393 507 2454 salutis
525 2396 729 2470 argumentum
750 2392 808 2454 erit
828 2397 860 2454 et
883 2397 1009 2471 occasio,
1032 2401 1130 2460 sinon

174 2497 268 2556 solum
281 2515 333 2574 pro
346 2493 515 2572 nobisipsis
535 2493 662 2565 solliciti,
684 2493 733 2553 sed
747 2497 777 2553 et
789 2494 924 2571 proximo
938 2499 1031 2559 utiles
1044 2501 1128 2560 fueri-

173 2616 247 2669 mus,
263 2600 294 2656 et
307 2595 404 2674 ipsum
418 2595 454 2654 ad
467 2594 545 2652 viam
559 2593 692 2653 veritatis
712 2593 919 2654 deducamus.”
963 2602 1059 2656 Τουτο
1077 2624 1127 2676 qap
1197 2607 1198 2686 l

174 2697 243 2778 ἧμιν
256 2721 302 2754 και
316 2719 453 2773 σωτηριαι
467 2698 602 2753 teroem
615 2697 776 2770 qevoporaui,
793 2693 861 2751 ὅταν
872 2719 914 2772 μη
928 2699 1004 2773 ὑπερ
1021 2699 1127 2758 &nmmo
1197 2695 1198 2752 i

173 2823 266 2877 μονον
286 2801 500 2874 σπουδαζινμεν,
525 2796 591 2852 αλλ’
608 2794 673 2854 ὅταν
692 2820 737 2853 και
752 2819 803 2852 τον
817 2800 946 2874 πλησιον
962 2807 1125 2880 ωφελυμεν,

175 2925 220 2960 και
236 2923 307 2976 orpoe
328 2923 379 2975 την
397 2921 445 2975 της
461 2901 593 2976 rolpotone
615 2895 681 2956 ὁδον
702 2919 940 2972 χειραγωγωμεν.
985 2903 1125 2964 HomiL3

172 3003 205 3062 in
218 3001 322 3061 Genea.
336 3019 365 3061 ιι.
381 3005 408 3059 4.
423 2997 498 3072 Imo,
516 3005 535 3033 “
550 2999 627 3077 quod
642 2997 748 3057 sanctis
767 3000 896 3057 maxime
908 3001 1063 3077 proprium
1076 3009 1124 3076 est,

172 3121 231 3161 non
245 3100 367 3176 gloriam
387 3118 446 3158 non
465 3097 614 3168 honorem,
635 3117 693 3156 non
708 3097 788 3156 aliud
802 3098 963 3175 quidquam
980 3102 1123 3176 proximo·

172 3220 239 3260 rum
252 3199 340 3258 saluti
354 3197 554 3276 anteponere.'’
595 3201 684 3271 ‘Oarap
697 3200 821 3271 μαλιστα
841 3219 919 3253 εστιν
934 3197 1029 3272 ἁγὼν
1044 3205 1120 3274 cisoa,

171 3323 209 3379 μη
225 3304 320 3376 δοξαν,
335 3322 374 3374 μη
389 3321 480 3376 coppo,
498 3301 587 3373 μηδεν
601 3301 677 3355 alltc
699 3304 842 3374 προτιμᾷν
863 3321 912 3372 apr
933 3319 985 3355 του
1000 3304 1121 3377 πλησιον

172 3426 316 3480 receptos.
359 3400 470 3461 Homil.
485 3407 503 3458 4
517 3401 549 3458 in
560 3401 667 3460 Matth.
680 3419 710 3460 n.
727 3403 773 3460 ll.
803 3399 885 3458 Alios
898 3399 1011 3460 similes
1025 3407 1120 3464 textus

171 3505 300 3584 ejusdem
315 3503 344 3562 S.
356 3501 384 3560 J.
397 3501 602 3560 (inarsosnour
615 3505 646 3560 et
660 3499 782 3558 eliorum
796 3500 918 3559 Petrum
931 3499 1034 3562 videns
1046 3506 1119 3582 apud

171 3603 295 3664 eundem
310 3603 338 3662 S.
352 3604 541 3672 nunnossuu,
558 3599 651 3670 Selue,
666 3619 694 3676 p.
713 3603 739 3671 l,
753 3618 778 3659 c.
795 3604 822 3658 9.

136 3755 139 3764 ,
224 3705 288 3762 174.
318 3701 407 3775 Signa
428 3704 601 3761 enumerant
627 3699 754 3776 theologi
780 3699 939 3780 vocationis
965 3702 1004 3762 nd
1029 3723 1117 3766 saeer-
1195 3769 1196 3772 ,
