2410 4318
199 439 261 514 240
565 409 622 490 De
639 410 779 491 Gralt‘a.
993 411 1093 512 [cnr.
1107 442 1159 492 rur.

198 596 364 656 ductionem
378 610 465 670 quam
479 591 575 668 quoad
588 592 849 652 conservationem
864 611 1002 652 snorum
1016 595 1161 653 effectuum.

198 699 299 775 anue
322 693 434 755 ratione
452 697 561 750 aeterna
583 711 637 750 sua
654 691 813 750 voluntate
836 691 959 750 statuit
981 691 1030 749 ita
1052 690 1163 748 omnibu

198 795 291 856 causis
310 797 416 872 preesto
437 811 497 852 esse
515 810 568 868 per
581 792 725 868 ejusmodi
738 791 921 866 generalem
944 810 1132 860 concursum,
1143 797 1164 844 ut

200 894 314 974 quoties
334 911 426 954 euusae
441 891 585 966 secundm,
599 891 647 950 vel
659 894 776 950 naturae
796 892 1004 966 necessitate,
1021 891 1073 950 rel
1086 899 1164 966 sponte

199 1015 251 1054 suo
264 1013 297 1056 ac
310 993 445 1054 libertate
464 994 694 1070 cooperarentur,
709 991 834 1068 perinde
857 993 1024 1071 ejusmodi
1044 993 1164 1059 influxu

199 1113 237 1156 ex
249 1091 488 1154 determinatione
497 1091 597 1151 iibere
606 1089 840 1150 mavoluntatis
848 1097 1014 1168 perpetuo
1025 1091 1163 1152 ordinarie

199 1215 257 1274 que
275 1197 384 1254 statute
393 1193 467 1270 lege,
479 1196 657 1270 sequeretur,
671 1209 704 1250 ec
715 1190 740 1250 si
753 1189 818 1268 ipse
828 1209 926 1251 causa
937 1199 1026 1255 esset
1039 1213 1079 1256 ex
1087 1211 1162 1253 neces

199 1294 285 1356 sitate
298 1298 409 1354 naturae
423 1293 561 1354 influens:
576 1291 678 1371 paucis
691 1291 839 1351 duntaxat
847 1294 1026 1354 eventibus
1040 1292 1161 1371 exceptu

158 1419 168 1442 r
199 1395 231 1456 in
245 1395 360 1476 quibus,
374 1395 541 1455 futurorum
554 1393 684 1454 omnium
697 1393 845 1471 praescius,
860 1395 975 1456 eadem
989 1401 1108 1458 oetema
1118 1411 1160 1453 suc

199 1495 806 1558 voluntatisdeterminationestatuitillnm
813 1497 1018 1572 suspendere,
1025 1498 1160 1572 musisque

201 1595 333 1658 secundis
346 1596 382 1656 ob
395 1594 527 1656 altiorem
535 1595 680 1673 quendam
692 1594 782 1654 finem
794 1593 981 1657 miraculose
998 1594 1159 1674 denegare·'’

241 1703 287 1759 15.
308 1697 375 1759 Duo
409 1701 478 1757 sunt
509 1696 654 1775 principie
685 1697 819 1756 Momm
852 1695 1107 1759 frmdamentalis
1134 1696 1159 1755 de

196 1817 337 1880 concursu
356 1796 412 1858 Dei
422 1796 741 1875 penorctossdiligenter
760 1795 840 1856 enim
859 1817 926 1874 prae
940 1805 1053 1860 mente
1072 1808 1156 1859 teuen-

197 1899 267 1960 dum
287 1903 331 1960 est
345 1899 447 1959 dehoc
461 1899 521 1958 solo
535 1917 676 1958 concursu
697 1897 746 1957 hic
759 1901 883 1958 verbum
904 1899 987 1960 fieri.
1033 1900 1155 1960 Primum

197 2004 241 2060 est
253 1999 349 2060 Deum
362 2017 503 2058 concursu
517 2017 568 2058 suo
588 2017 773 2076 nequaquam
786 2015 973 2075 premerere
995 2019 1115 2060 causam
1126 1999 1153 2058 sd

197 2097 382 2174 operandum,
398 2096 496 2156 necin
510 2115 573 2156 eam
587 2114 671 2171 agere
684 2095 732 2154 sed
744 2099 861 2154 tontum
874 2114 943 2155 cum
958 2115 998 2156 ea
1009 2097 1048 2156 in
1062 2098 1152 2157 effectu

196 2195 388 2272 producendo.
430 2196 643 2272 Supponuntur
663 2194 741 2255 enim
753 2195 831 2254 vires
849 2195 888 2254 ed
901 2199 1090 2272 operandum
1099 2197 1152 2275 jum

198 2293 322 2355 existere
335 2293 367 2354 in
381 2299 521 2364 creature,
537 2291 665 2371 primum
684 2313 736 2371 per
756 2293 934 2354 creationem
953 2295 1097 2374 deinceps
1107 2314 1152 2374 per

197 2394 461 2454 conservationem:
491 2393 625 2453 omnibus
645 2397 742 2452 autem
761 2392 869 2470 paratis
891 2397 922 2453 et
940 2394 1096 2472 dispositis
1121 2394 1151 2453 ad

198 2493 385 2570 operandum,
412 2493 494 2553 Deus
522 2491 693 2570 simpliciter
720 2492 867 2552 concurrit
893 2493 931 2552 ad
956 2495 1150 2570 operationem

197 2593 408 2671 prestandum
433 2591 536 2670 positis
548 2591 626 2652 enim
646 2591 711 2651 istis
734 2591 869 2650 omnibus
890 2592 1106 2670 praerequisitis
1118 2593 1149 2650 ad

195 2693 380 2770 operandum,
395 2693 490 2753 adhuc
510 2701 651 2753 creature
664 2693 845 2753 necessarius
866 2699 911 2752 est
924 2711 1086 2752 concursus
1097 2691 1148 2752 Dei

195 2796 230 2852 ut
243 2797 311 2853 actu
334 2795 476 2870 operetur.
519 2792 560 2851 nt
572 2787 605 2850 in
625 2792 679 2852 hcc
703 2791 821 2852 definite
842 2791 976 2851 consistit
997 2811 1145 2852 concursus

194 2889 255 2950 ille.
276 2919 280 2928 ·
298 2889 475 2952 Concursum
494 2891 573 2951 hunc
593 2894 731 2951 creature
748 2909 899 2968 nunquam
919 2891 1046 2968 deneget
1059 2893 1142 2962 Deus,

195 2987 253 3050 nisi
266 2987 299 3048 in
319 3007 388 3049 cusu
410 2989 637 3051 extraordinario
650 3010 748 3070 -supre
768 2993 878 3065 notato,
894 3009 1010 3068 nempe,
1034 2991 1142 3068 quando

195 3087 263 3150 vult
275 3087 449 3149 miraculum
462 3089 566 3152 fecere.
871 3141 873 3144 <

239 3191 285 3250 le.
307 3187 392 3248 “Est
405 3186 505 3266 itaque
524 3189 643 3250 divinus
661 3208 814 3252 concursus
827 3188 948 3268 aliquid,
965 3189 1044 3266 quod
1056 3205 1141 3249 cause

195 3289 328 3350 secunde
355 3287 499 3350 actionem
531 3291 694 3364 comitetur,
722 3295 753 3350 et
778 3289 874 3368 ipsum
900 3309 932 3349 se
962 3289 1072 3348 habens
1095 3305 1141 3364 per

196 3390 315 3448 modum
329 3387 459 3462 aetionis,
476 3408 535 3466 qua
554 3388 654 3448 divina
666 3389 761 3449 virtus
780 3409 838 3448 une
851 3407 918 3447 cum
931 3391 1064 3448 ereatura
1076 3387 1136 3464 agit,

198 3489 233 3548 ed
247 3489 438 3568 eumdemque
454 3488 614 3549 terminum
634 3487 800 3548 immediate
813 3487 917 3560 tendit,
932 3487 969 3545 ad
985 3507 1070 3564 quem
1082 3491 1136 3544 teu·

199 3585 243 3645 dit
257 3592 394 3648 oreuturae
408 3591 490 3650 notio.
530 3589 578 3648 Ad
591 3607 658 3648 eum
677 3589 737 3647 fere
750 3587 879 3658 modum,
894 3606 951 3664 quo
964 3587 1042 3644 bina
1056 3601 1135 3644 cause

198 3683 336 3762 partiales
345 3689 375 3746 et
384 3691 576 3766 cooperantes,
591 3706 618 3746 v.
629 3708 657 3764 g.
671 3687 728 3746 duo
740 3687 871 3746 homines
881 3683 996 3760 aliquid
1008 3685 1076 3743 fune
1085 3689 1133 3742 tra·

200 3781 311 3858 hentes,
322 3801 382 3842 non
395 3785 437 3846 ite
450 3787 639 3864 cooperentur
652 3784 726 3844 alter
738 3783 832 3856 elteri,
843 3788 878 3846 ut
891 3783 965 3844 alter
977 3783 1011 3842 iu
1025 3783 1132 3842 alterum
