2402 4292
172 374 235 436 290
537 344 594 410 De
611 337 742 410 Gratt‘rz.
929 331 1040 424 [nrsr.
1058 353 1131 399 vrrs.

169 539 222 582 sua
233 513 414 597 praescientia
427 511 588 572 falleretur.
628 509 731 570 Altera
744 506 856 567 dicitur
875 506 1058 581 incongrua,
1075 519 1140 578 qua

167 639 227 682 non
240 623 284 680 est
297 615 368 676 satis
381 613 594 674 accommodata
606 609 706 682 indoli,
722 605 976 675 inclinationibus,
988 601 1142 680 passioni·

149 713 233 795 bus,
257 716 418 788 habitibus,
441 712 576 792 tempori,
601 712 664 772 loco
688 709 814 787 aliisque
838 704 1097 776 circumstantiis,
1111 703 1141 762 in

169 821 277 900 quibus
297 819 431 878 versatur
450 813 477 874 is
498 811 550 892 qui
571 831 635 872 cam
657 808 769 888 recipit,
791 811 829 868 ut
841 808 879 867 ab
892 806 947 866 illo
958 823 1143 866 consensum

169 919 308 990 obtineat,
323 921 354 977 et
363 915 427 974 ideo
439 932 500 974 non
513 915 557 973 est
569 910 628 972 nisi
641 909 794 970 sufficiens.

212 1022 278 1077 122.
302 1016 360 1096 (l.)
390 1011 571 1091 “Imprimis
593 1031 660 1088 ergo
684 1011 794 1071 Suarez
816 1005 925 1068 statuit
949 1007 1070 1078 Deum,
1095 1023 1145 1082 par
1197 1026 1199 1101 p

168 1118 349 1180 voluntatem
362 1114 579 1175 antecedentem
593 1109 723 1172 salvandi
743 1128 853 1181 omnes,
875 1127 1070 1186 praeparaase
1084 1126 1144 1166 cm·

167 1221 255 1280 nibus
268 1217 341 1278 tales
354 1215 473 1294 gratias,
489 1233 555 1292 quae
569 1233 621 1292 per
634 1230 804 1272 consensum
817 1209 984 1269 voluntatis
1009 1209 1143 1270 efficaces

169 1321 234 1380 fieri
248 1320 376 1396 possunt,
392 1320 423 1378 et
435 1317 472 1375 ad
486 1315 609 1376 salutem
632 1313 787 1374 sufficiunt
831 1311 863 1372 si
877 1314 979 1371 autem
992 1311 1089 1372 Deus
1101 1309 1145 1369 in·

169 1418 381 1480 declinabiliter
394 1419 424 1477 et
437 1413 747 1494 insuperabilitervult
759 1415 859 1473 actum
872 1412 1054 1486 salutarem,
1071 1416 1140 1472 tunc

167 1518 246 1596 ipsas
259 1516 492 1577 circumstantias
512 1515 555 1574 ita
575 1514 698 1585 ordinat,
720 1516 754 1572 ut
774 1511 834 1570 siut
847 1511 951 1588 gratiae
965 1512 1140 1572 tribuenda

168 1635 311 1694 congrua,
327 1619 357 1676 et
370 1614 493 1692 gratiam
506 1613 599 1674 indoli
621 1611 747 1672 hominis
764 1615 940 1689 attemperat
962 1631 1098 1690 eamque
1111 1611 1139 1669 in

167 1717 277 1777 talibus
286 1713 511 1775 circumstantiis
521 1711 655 1790 congruis
664 1710 797 1787 largitur,
809 1710 840 1769 in
851 1711 961 1788 quibus
971 1711 1139 1770 humanam

166 1815 349 1876 voluntatem
361 1815 452 1874 libere
465 1831 669 1874 consensuram
689 1831 759 1883 esse,
783 1831 837 1888 ope
862 1811 996 1872 scientias
1020 1812 1137 1883 media,

166 1913 363 1976 infallibiliter
375 1915 528 1990 cognoscit.
568 1914 615 1972 Ita
627 1913 736 1974 Suarez
746 1909 902 1971 efficaciam
915 1911 1027 1986 gratiae
1043 1911 1138 1988 expli·

159 2017 222 2085 cat,
249 2013 366 2074 dicens:
388 2013 425 2091 (c.
443 2017 490 2086 21,
505 2013 538 2093 [n.
563 2014 595 2091 4)
619 2010 757 2071 ‘Vocatio
781 2011 883 2070 efficax
907 2010 961 2070 illa
984 2021 1035 2073 est
1058 2029 1132 2089 qua,

168 2155 175 2172 .
198 2153 206 2171 .
231 2155 239 2172 .
263 2155 269 2170 .
291 2111 416 2172 includit
439 2113 594 2190 quamdam
615 2111 828 2188 congruitatem
847 2114 986 2187 respectu
999 2128 1133 2188 persona
1199 2132 1200 2141 ¹

167 2209 216 2270 oui
236 2210 330 2284 datur,
353 2216 389 2271 ut
411 2213 451 2272 sit
473 2213 519 2271 illi
543 2212 586 2272 ita
608 2209 827 2288 proportionata
849 2214 881 2270 et
900 2211 1130 2280 accommodate,

166 2310 244 2369 siout
254 2315 374 2388 oportet,
391 2315 427 2370 ut
440 2311 472 2370 in
485 2311 539 2370 tali
549 2330 672 2389 persona
684 2309 717 2370 in
725 2309 779 2370 tali
792 2313 924 2386 tempora
937 2313 969 2370 et
978 2311 1132 2372 occasione

165 2410 363 2470 infallibiliter
375 2411 510 2480 effectum
524 2411 639 2483 habeat,
660 2414 690 2469 et
710 2429 762 2486 per
773 2410 829 2469 hoc
842 2410 933 2470 habet
944 2409 1002 2470 illa
1015 2411 1131 2472 vocatio

167 2509 246 2586 quod
259 2529 386 2586 congrua
407 2514 437 2570 et
460 2510 562 2570 efficax
586 2509 624 2569 sit
645 2507 730 2589 [vid.
745 2509 834 2568 etiam
850 2510 957 2586 Opusc.
975 2514 1004 2584 1,
1020 2511 1044 2570 l.
1062 2517 1091 2582 3,
1106 2530 1129 2570 a.

167 2611 216 2682 14,
228 2628 258 2668 n.
277 2611 303 2682 7,
321 2609 410 2688 &c.].’
452 2612 549 2686 Atque
563 2613 639 2669 certe
653 2628 670 2667 a
682 2608 797 2669 nemine
810 2609 977 2685 negabitur,
994 2616 1131 2671 extensas

166 2713 196 2766 et
210 2708 340 2766 internas
350 2709 585 2768 circumstantias
605 2728 740 2785 magnam
754 2709 786 2768 in
800 2709 930 2769 hominis
943 2711 1129 2771 voluntatem

164 2805 227 2866 rim
241 2825 381 2880 exercere,
398 2811 428 2868 et
440 2809 476 2866 ab
489 2808 550 2867 illis
562 2827 690 2886 persaepe
699 2808 825 2868 liberum
835 2828 1011 2870 consensum
1020 2811 1128 2889 depen-

166 2906 240 2964 dere.
283 2908 332 2965 Ita
344 2907 578 2984 frequentissime
588 2909 682 2979 homo,
694 2909 725 2967 in
734 2909 812 2968 mala
820 2909 959 2971 societate
969 2917 1024 2972 aut
1033 2912 1128 2990 turpis

166 3005 323 3066 occasionis
335 3008 477 3068 illecebris
492 3009 677 3083 constitutus,
692 3014 843 3087 peccatum
864 3011 1032 3086 committit,
1050 3013 1126 3091 quod

166 3105 199 3164 iu
213 3105 279 3164 aliis
299 3106 525 3188 circumstantiis
548 3109 627 3184 fugit
645 3112 676 3168 et
698 3109 768 3169 odit.
809 3110 979 3188 Repentina
1003 3112 1127 3173 alterius

166 3209 257 3265 morta
270 3206 441 3283 perterritus
450 3209 526 3268 bona
539 3207 650 3267 monita
663 3209 797 3283 attendit,
813 3229 880 3288 qua
894 3211 1126 3272 recreationibus

167 3305 325 3382 dissipatus
338 3307 507 3366 contemnit.

209 3409 274 3466 123.
288 3406 344 3486 (2.)
368 3407 525 3467 “Libertas
534 3406 659 3467 hominis
668 3406 701 3467 in
711 3409 824 3468 actibus
835 3409 1123 3487 salutaribus,posito

165 3503 220 3563 hoc
234 3510 398 3582 systemate,
416 3506 573 3566 clarissime
587 3507 692 3566 elucet,
732 3508 809 3568 Nam
830 3509 957 3568 efficacia
976 3510 1082 3584 gratiss
1094 3511 1123 3568 iu

162 3601 216 3663 illo
236 3594 380 3682 repetitur
402 3607 437 3667 ab
456 3605 520 3684 ipsa
540 3605 650 3668 virtute
671 3607 772 3684 gratia
795 3609 1121 3687 tauquamaprincipio
