2408 4304
62 399 154 446 msr.
171 379 251 467 111]
450 382 507 450 De
519 384 657 452 Mento.
959 409 1019 471 451

64 547 177 623 degere
191 549 291 625 possit,
308 549 392 629 quasi
413 551 525 612 meritis
542 552 603 614 illis
615 553 771 633 praeteritis
790 554 919 615 innixus.
959 556 1024 614 Imo

60 667 79 706 1
95 647 251 724 contrario,
268 650 346 728 quod
366 651 483 724 meruit,
500 651 619 731 siquid,
642 656 719 733 quod
733 655 769 714 ad
782 654 1025 732 perseverantiam

60 747 183 820 attinet,
207 751 323 824 meruit,
345 751 440 812 idest
463 753 592 827 definite,
615 760 650 815 ut
673 755 705 814 in
729 755 871 833 ejusmodi
890 755 1024 834 operibus

61 851 262 928 exsequendis
283 859 457 930 perseveret,
473 859 503 914 et
523 855 615 915 vitam
633 855 723 933 priori
738 855 862 916 similem
875 857 922 916 vel
936 855 1024 916 etiam

61 949 270 1026 perfectiorem
291 952 389 1013 ducat.
429 955 510 1014 Noto
531 955 574 1014 20.
595 956 652 1014 Ρ11
672 975 758 1034 opera
772 955 880 1016 eximia
892 975 951 1015 non
965 955 1025 1014 sola

61 1051 189 1112 heroicos
221 1053 342 1116 virtutis
373 1075 459 1133 opera
480 1055 611 1134 significo
636 1057 687 1118 sed
710 1057 775 1132 alia,
799 1062 835 1118 ut
851 1057 915 1136 jam
937 1057 1023 1128 infra,

64 1151 164 1211 multa
176 1155 340 1230 praesertim
360 1155 490 1214 oratione
514 1155 684 1234 quotidiana
703 1160 734 1217 et
753 1155 902 1234 petitionis
915 1160 944 1216 11
957 1176 1024 1216 oon·

62 1249 265 1328 templationis
278 1252 454 1332 interposita

111 1355 177 1412 163.
198 1352 284 1412 Ratio
309 1360 353 1414 111
377 1355 418 1429 10,
445 1354 523 1433 quia,
547 1355 602 1416 etsi
625 1356 708 1416 nulla
731 1355 771 1418 sit
793 1354 944 1435 promissio
956 1357 1025 1417 talis

63 1451 190 1528 praemii,
207 1457 237 1512 et
250 1473 337 1531 opera
350 1453 403 1514 illa
422 1455 535 1514 nullam
549 1455 584 1515 ad
599 1455 625 1514 it
645 1455 875 1533 condignitatem
887 1456 1014 1516 habeant

65 1552 213 1629 quoddam
237 1557 334 1614 tamen
354 1555 464 1614 habent
486 1555 622 1634 pretium,
649 1556 733 1635 cujus
753 1555 866 1617 intuitu
880 1561 1013 1633 erogetur

65 1649 111 1709 20.
134 1651 179 1712 De
192 1652 271 1713 facto
290 1653 436 1716 innumeri
457 1657 586 1730 fuerunt,
612 1655 664 1734 qui
677 1656 731 1716 hoo
744 1657 827 1716 modo
840 1674 1024 1735 perseveran-

66 1749 143 1810 tiam
158 1752 254 1830 adepti
269 1759 348 1814 sunt.

111 1853 178 1914 164.
200 1851 274 1911 Dixi
296 1854 362 1914 “de
383 1873 509 1932 congruo
524 1853 690 1932 sollibilc':”
710 1853 780 1933 quia
805 1854 846 1930 1⁰,
873 1853 956 1914 nulla
981 1856 1026 1915 est

66 1951 227 2029 promissio.
269 1951 311 2012 20.
332 1954 479 2015 Tenemur
488 1975 587 2016 omnes
597 1956 721 2016 salutem
730 1958 858 2016 nostram
867 1974 934 2014 oum
945 1957 1026 2014 metu

67 2056 99 2111 et
112 2054 236 2112 tremore
250 2053 370 2132 operari.
413 2057 444 2115 S.
459 2055 578 2130 Paulus,
592 2059 657 2134 post
669 2059 716 2116 tot
729 2054 841 2114 labores
855 2053 1027 2132 apostolicos

67 2157 100 2212 et
115 2157 159 2212 tot
171 2154 280 2213 animas
301 2153 415 2215 Christo
436 2154 570 2226 lucratus,
594 2174 697 2233 corpus
720 2175 806 2214 suum
828 2153 981 2231 castigavit
994 2163 1026 2213 et

70 2252 103 2312 in
118 2254 287 2315 servitutem
309 2255 429 2334 redegit,
454 2276 491 2318 111
511 2257 650 2334 reprobus
670 2257 848 2317 efficeretur:
872 2257 967 2316 1011.
981 2255 1025 2316 ix.

71 2354 121 2414 27.
160 2353 200 2417 3⁰.
223 2355 289 2416 Etsi
301 2357 389 2416 multi
403 2357 502 2436 (longe
521 2357 628 2435 plures,
650 2357 795 2435 utputo),
810 2356 861 2434 qui
875 2355 927 2415 diu
941 2358 1026 2417 istam

71 2458 200 2514 sanctam
226 2453 319 2514 vitam
343 2455 495 2532 degebant,
518 2454 551 2514 in
573 2455 661 2514 finem
681 2451 937 2531 perseveraverint,
951 2454 1025 2514 bene

71 2553 159 2613 multi
172 2558 270 2614 tamen
283 2575 301 2614 a
313 2561 390 2615 recto
404 2556 575 2618 exciderunt
587 2560 617 2615 11
634 2553 764 2613 damnati
777 2557 855 2613 sunt.

116 2657 181 2714 166.
205 2655 248 2714 30.
274 2655 436 2715 “Dicimus
451 2656 570 2734 justum
592 2653 798 2732 perseverando
819 2650 916 2712 debito
941 2651 1026 2711 modo

75 2752 107 2812 in
122 2753 258 2813 orationis
270 2754 411 2815 instantia
423 2759 453 2816 et
466 2753 637 2834 frequentia,
647 2773 730 2831 posse
743 2751 903 2813 successive
916 2750 1026 2810 infalli-

75 2853 174 2915 biliter
187 2854 316 2916 obtinere
329 2856 570 2934 perseverantiam
583 2874 676 2932 usque
689 2855 726 2913 ad
739 2862 859 2914 mortem
863 2897 949 2914 .....
956 2853 1024 2912 Ρ11-

76 2956 236 3015 severantia
257 2955 404 3030 orationis,
424 2955 456 3015 in
479 2956 533 3015 tali
556 2954 677 3014 materia
698 2953 848 3032 requisita,
862 2957 908 3014 est
920 2958 1026 3036 utnon

77 3058 165 3116 semel
188 3060 305 3116 tantum
325 3063 377 3117 aut
395 3057 501 3117 iterum
522 3057 584 3128 fiat,
607 3056 658 3116 sed
680 3061 715 3116 ut
734 3059 795 3115 toto
819 3060 946 3134 tempore
956 3053 1025 3114 11111

77 3157 162 3217 duret
164 3201 249 3219 .....
257 3156 304 3217 Sic
326 3158 403 3216 enim
426 3157 478 3217 fiet
498 3162 542 3230 ut,
563 3156 740 3234 procedendo
761 3154 797 3215 ab
822 3174 881 3213 uno
901 3159 969 3214 actu
989 3154 1027 3212 ad

78 3257 177 3332 alium,
193 3259 266 3318 bene
279 3257 422 3336 operando
436 3261 466 3316 et
478 3257 682 3317 convenienter
702 3255 817 3328 orando,
831 3254 1027 3313 infallibiliter

74 3357 316 3436 perseverantiam
329 3356 548 3435 consequatur.”
571 3357 691 3430 51111111,
706 3375 730 3417 1.
743 3360 791 3429 38,
803 3374 833 3414 1.
847 3358 892 3414 16.
934 3353 1028 3414 Notat

73 3460 144 3522 ibid.
160 3461 203 3540 (n.
221 3462 272 3540 17)
285 3463 360 3521 hanc
373 3460 589 3538 promissionem
607 3459 714 3519 factam
733 3477 792 3516 non
812 3475 873 3516 esse
892 3455 1027 3534 operibus

73 3562 221 3642 justorum
244 3568 384 3639 tanquam
407 3559 571 3634 meritoriis,
588 3559 638 3619 scd
651 3556 894 3637 perseverantiam
911 3560 1027 3616 tantum

77 3663 226 3744 impetrari
239 3663 379 3745 petitione
392 3683 399 3738 ;
420 3667 451 3726 11
470 3661 535 3724 ideo
548 3678 660 3742 sempor
672 3680 724 3742 pro
737 3679 771 3720 ea
784 3658 940 3739 petendum
954 3675 1025 3719 1111.
