2410 4314
79 357 176 404 nise.
192 339 245 424 11.]
293 338 348 403 Do
363 337 512 404 Statius
526 339 697 404 Humane
712 340 864 404 Nature.
1001 361 1042 426 35

233 651 385 712 Solvuntur
403 649 569 728 Oby'eotionos
582 655 679 712 contro
692 653 918 730 propositionem.

125 817 179 872 59.
217 809 316 888 Objeot.
344 813 370 867 l.
419 809 501 868 Finis
521 810 644 872 ultimus
667 815 805 872 ereaturae
828 811 978 872 rationalis
998 815 1042 872 est

81 911 240 974 beatitudo
254 909 483 987 supernaturalis
506 909 538 968 in
562 911 673 972 visione
687 912 743 972 Dei
757 911 905 972 intuitiva.
947 909 1041 989 Atqui

81 1014 170 1074 Deus
183 1030 243 1070 non
255 1012 350 1087 potest
370 1009 490 1068 condere
511 1013 671 1070 ereaturam
692 1013 799 1089 absque
812 1011 991 1070 ordinatione
1005 1009 1042 1068 ad

83 1132 178 1172 suum
201 1109 340 1170 ultimum
359 1108 457 1168 finem.
499 1109 627 1186 Ideoque
648 1129 707 1170 non
730 1111 827 1187 potuit
850 1111 971 1169 condere
989 1109 1039 1168 ho·

82 1211 200 1271 minem
223 1209 285 1268 sine
310 1207 423 1285 gratia:
445 1209 593 1268 edietum
620 1209 697 1281 enim
721 1209 810 1270 finem
832 1208 1040 1287 assequendum

84 1310 253 1372 necessaria
266 1313 310 1368 est
323 1309 426 1385 gratio.

129 1416 180 1470 60.
202 1410 285 1485 Rosp.
306 1409 388 1484 Nego
402 1407 526 1485 primam
549 1407 776 1486 propositionem
797 1407 1040 1485 simpliciter‚'vel
1152 1429 1158 1440 ·

84 1510 265 1586 Distinguo:
288 1507 372 1567 Finis
393 1507 519 1568 ultimus
545 1509 606 1580 tre,
630 1509 656 1567 si
676 1523 811 1568 ereatura
832 1513 927 1568 ereata
949 1508 988 1567 sit
1009 1507 1040 1566 in

85 1611 171 1668 huno
192 1608 291 1682 finem,
312 1607 455 1684 quomodo
476 1608 511 1666 de
530 1608 605 1667 laeto
627 1609 720 1666 omnis
744 1611 875 1667 creature
893 1607 1041 1666 rationalis

86 1707 226 1785 (angelus
240 1711 270 1767 et
283 1707 381 1784 homo)
396 1709 492 1767 ereata
506 1710 550 1766 est
563 1707 667 1784 (Susa.
682 1708 791 1784 proleg.
809 1711 836 1780 4,
850 1727 874 1767 e.
894 1711 918 1779 l,
930 1727 959 1764 n.
974 1706 1039 1784 ls):

88 1807 241 1868 Concedo:
275 1807 342 1866 Non
365 1809 462 1884 potest
486 1807 565 1866 Deus
588 1827 647 1866 non
670 1807 803 1866 ordinare
824 1811 983 1866 ereaturam
1005 1806 1041 1864 ad

90 1909 182 1969 finem
204 1907 310 1979 istum3
332 1925 384 1966 sea
410 1907 552 1984 ejusmodi
575 1907 698 1967 elevatio
719 1928 778 1967 non
802 1913 845 1968 est
866 1909 973 1967 donum
986 1908 1041 1967 Dei

89 2027 166 2086 pure
189 2011 220 2068 et
241 2006 319 2067 omni
337 2027 376 2067 ex
396 2011 479 2084 parte
502 2007 666 2084 gratuitum
691 2014 721 2067 et
742 2008 920 2067 indebitum:
949 2009 1040 2083 Nego.

90 2108 187 2168 'lanta
197 2108 274 2168 enim
288 2111 318 2166 et
337 2110 398 2166 tam
411 2107 569 2167 ineffabilis
583 2127 755 2184 omnemque
769 2113 904 2168 naturam
918 2112 1041 2166 creatam

91 2210 122 2268 et
135 2206 287 2266 creabilem
300 2209 450 2284 tantopere
461 2207 602 2267 excedens
622 2210 666 2268 est
679 2207 802 2266 elevatio
815 2207 876 2280 illa,
892 2226 950 2284 qua
963 2225 1039 2264 orea-

91 2310 159 2366 tura
171 2305 206 2364 fit
218 2306 297 2364 filius
309 2305 366 2366 Dei
380 2307 541 2384 adoptivus,
557 2327 673 2366 oensem
692 2312 803 2366 naturae
817 2307 933 2379 divinae,
949 2305 1040 2366 felini·

92 2410 181 2464 tatem
194 2425 252 2484 qua
265 2405 327 2482 ipse
335 2406 415 2464 Deus
425 2405 498 2464 felix
508 2416 552 2465 est
561 2405 735 2483 participare
746 2407 908 2465 destinatus
918 2405 952 2483 (“
963 2405 1041 2463 intra

92 2505 124 2563 in
148 2504 287 2580 gaudium
310 2504 429 2564 Domini
450 2505 539 2583 oot'),
568 2512 603 2564 ut
632 2506 700 2583 jure
721 2506 807 2581 longe
828 2505 935 2582 potiori
958 2503 1041 2581 queri

93 2603 184 2680 possit
196 2603 293 2668 lutum
308 2604 445 2664 adversus
468 2605 593 2682 figulum
614 2625 644 2664 se
667 2625 725 2664 non
748 2605 933 2664 esse'faotum
946 2603 977 2662 in
990 2623 1041 2660 vas

94 2702 216 2770 honoris,
243 2701 330 2780 qnam
345 2703 428 2780 queri
441 2705 532 2780 possit
554 2708 685 2764 ereatura
704 2705 775 2776 ulle,
793 2703 880 2762 etiam
895 2702 1040 2762 excellen-

97 2801 205 2860 tissima
218 2820 283 2878 quse
298 2803 449 2878 cogitando
469 2803 542 2880 fingi
556 2807 658 2881 potest,
683 2825 713 2863 se
736 2823 794 2862 non
815 2822 875 2862 esse
888 2803 931 2860 ita
945 2801 1040 2861 eleva-

97 2908 177 2960 tum:
200 2901 277 2960 inter
289 2901 385 2959 lutum
399 2901 476 2960 enim
490 2907 519 2961 et
532 2903 655 2978 figulum
671 2903 737 2980 (qni
750 2907 860 2964 nonest
873 2900 930 2960 nisi
943 2901 1041 2958 lutum

97 2999 190 3058 anima
210 2998 345 3058 rationali
367 3000 569 3073 informatum)
591 3003 706 3060 infinite
720 3003 813 3060 minor
832 3005 876 3060 est
891 2999 1038 3072 distantia,

98 3118 181 3177 quam
194 3098 271 3158 inter
284 3103 445 3158 ereaturam
467 3101 739 3160 excellentissimam
761 3106 790 3160 et
803 3101 908 3160 Deum.
950 3099 1039 3170 Num,

98 3198 164 3274 quia
178 3199 256 3256 Deus
271 3202 432 3257 ereaturam
448 3199 522 3258 dono
532 3199 698 3260 intelleetfis
711 3199 859 3260 rationalis
873 3195 1041 3273 ausitidae
1153 3222 1157 3228 ·

97 3302 227 3357 teneatur
237 3317 299 3356 eam
313 3297 370 3356 alio
384 3298 458 3356 dono
471 3298 588 3360 infinite
600 3300 796 3377 praestantiori
810 3298 981 3359 cumulare?

136 3401 181 3456 61.
209 3397 341 3473 Urpotur.
366 3401 392 3455 1.
414 3399 457 3456 Ea
480 3402 612 3459 ereatura
632 3410 693 3460 non
715 3403 810 3476 potest
832 3399 865 3456 in
889 3402 969 3457 statu
990 3415 1040 3454 ne·

98 3502 166 3556 tura
180 3514 261 3572 puros
276 3495 423 3568 constitui,
449 3497 496 3556 oni
516 3497 593 3558 inest
605 3499 777 3560 naturaliter
797 3499 943 3576 appetitus
955 3495 1039 3554 inna-

99 3599 144 3656 tus
164 3593 314 3671 adipeam
335 3595 476 3656 visionem
507 3598 564 3658 Dei
585 3598 762 3659 intuitivam.
814 3597 871 3656 Sed
899 3595 1041 3674 ejusmodi
