2410 4318
184 439 245 500 242
544 413 601 480 Dc
618 414 756 482 Gratia.
985 419 1084 506 [nrsr.
1097 440 1148 484 uu.

181 603 269 664 quem
289 603 320 644 se
333 582 417 644 arm
439 581 623 643 determinat.
664 583 772 643 Habeo
794 603 890 645 nunc
916 589 1100 664 potestatem
1115 594 1150 645 cut

181 683 349 744 ambulandi
362 686 413 744 aut
426 682 561 743 sedendi:
583 683 672 742 datur
680 683 759 742 mihi
772 703 953 746 concursus
969 689 1011 747 ad
1025 688 1152 747 ambular-

182 784 260 858 dum,
276 785 301 844 si
314 784 462 844 ambulare
475 782 598 858 eligam3
613 783 650 842 ad
664 783 840 856 sedendum,
858 786 890 844 si
906 789 1021 848 sedere
1035 789 1140 864 eligam.

221 889 266 945 20.
289 883 469 962 Principium
489 883 650 943 secundum
670 883 716 961 (n.
733 884 786 962 15)
807 885 869 946 hoc
894 892 957 946 est.
1006 890 1154 949 concursu

183 987 237 1046 Dei
250 1005 318 1046 cnm
331 986 425 1048 causis
438 1005 476 1045 ex
488 983 659 1044 necessitate
676 985 839 1060 agentibus
855 986 1094 1048 determinatus
1114 994 1153 1062 cst,

181 1107 209 1146 v.
221 1107 250 1164 g.
272 1105 338 1146 cum
351 1085 419 1163 igne
439 1083 674 1154 calefaciendum,
692 1085 951 1147 comburendum.
1002 1089 1154 1149 Concursus

180 1206 246 1246 cum
259 1186 354 1246 causis
366 1184 465 1245 liberis
477 1182 721 1244 indeterminatus
734 1185 826 1243 estin
840 1204 883 1255 se,
899 1207 935 1248 v.
946 1207 983 1264 g.
1000 1209 1061 1250 11oe
1074 1191 1153 1250 detis.

179 1286 287 1346 minate
297 1285 551 1346 adambulandum
561 1283 918 1346 daturnecdeterminatc
928 1288 973 1347 ed
983 1291 1150 1361 sedendum

180 1391 209 1447 ct
223 1385 431 1447 determinatur
444 1385 481 1444 ad
493 1403 585 1443 unum
599 1381 787 1442 autnlterum
798 1385 973 1446 secundum
983 1388 1152 1450 electionem

178 1489 326 1548 creaturae.
362 1486 466 1546 “Deus
475 1485 586 1562 prabet
593 1481 754 1560 unicuique
762 1502 859 1543 samar
870 1488 1023 1548 secundm
1034 1509 1150 1550 concur·

178 1608 243 1648 sum
255 1587 339 1648 modo
353 1585 563 1645 accommodato
577 1586 691 1642 naturae
709 1583 781 1660 ejus
823 1583 882 1642 Sed
897 1585 970 1646 haec
986 1592 1036 1648 est
1051 1593 1149 1649 uatum

178 1705 273 1748 ouusae
285 1687 392 1759 liberae,
399 1689 443 1756 ut,
451 1683 552 1761 positis
561 1681 672 1742 orcteris
685 1681 822 1741 omnibus
830 1683 1069 1748 conditionibus
1081 1709 1148 1767 prae·

176 1787 331 1866 requisitis,
342 1785 380 1846 sit
392 1785 561 1844 indifferens
571 1783 608 1841 ad
620 1782 718 1858 plures
729 1785 823 1842 actus.
855 1783 939 1858 Ergo
954 1785 1051 1848 debet
1066 1790 1146 1848 etiam

176 1890 303 1967 recipere
316 1888 347 1948 in
358 1891 424 1947 actu
435 1885 527 1964 primo
541 1902 712 1944 concursum
726 1883 810 1942 modo
823 1883 1029 1947 indifferentes
1074 1890 1146 1966 Ergo

176 1989 270 2061 debet,
287 1991 430 2066 quantum
443 1989 486 2046 es't
499 2005 537 2044 ex
550 1987 631 2060 parte
645 1982 710 2054 Dei,
725 1981 774 2040 illi
789 1982 887 2042 offerri
901 2003 1072 2048 concursus
1092 2008 1144 2048 non

176 2093 291 2149 tantum
305 2088 342 2146 ad
354 2107 446 2146 unum
460 2087 557 2145 actum
575 2083 626 2142 sed
639 2083 675 2140 ad
688 2079 817 2158 plures.'’
859 2083 992 2158 Susum,
1009 2088 1140 2166 Metcph.

176 2189 203 2249 d.
218 2193 265 2259 22,
285 2207 308 2247 s.
322 2191 350 2258 4,
365 2207 395 2248 n.
411 2192 459 2246 21.
501 2185 584 2244 Sicut
597 2181 674 2242 calor
697 2181 766 2240 solis
787 2181 820 2242 in
843 2202 875 2242 sc
897 2183 1080 2248 indifferens
1101 2193 1141 2248 est

175 2288 372 2350 concurrendo
387 2289 424 2348 ad
437 2285 611 2348 efferendam
630 2301 770 2360 quercum
790 2285 843 2342 aut
855 2303 962 2356 rosam,
978 2289 1034 2347 sed
1047 2289 1138 2350 deter-

174 2391 303 2450 minatur
313 2388 422 2449 semine
432 2385 555 2466 quercus
568 2403 735 2445 concurrere
746 2383 783 2442 ad
793 2383 974 2444 efferendam
983 2405 1134 2464 quercum,

175 2499 205 2552 ot
219 2490 328 2552 semine
341 2507 412 2550 rosa
426 2489 462 2548 ad
476 2485 649 2547 efferendam
661 2501 771 2556 rosam;
786 2482 829 2543 ita
842 2501 1006 2546 concursus
1022 2488 1080 2547 Dei
1094 2489 1133 2546 in·

174 2593 308 2654 differens
321 2593 367 2652 est
380 2590 416 2650 ad
430 2591 511 2649 actus
523 2587 630 2647 liberos
649 2585 797 2655 creaturae,
813 2583 905 2646 donec
918 2586 1132 2648 determinetur

173 2692 260 2754 litora
273 2692 401 2770 ejusdem
415 2691 553 2749 creaturas
567 2683 813 2746 determinatione.
850 2685 1019 2748 Concursus
1033 2693 1130 2748 autem

172 2795 241 2854 solis
254 2792 465 2854 determinatur
477 2789 629 2850 materaria
646 2784 886 2847 determinatione
900 2787 1025 2848 seminis
1045 2809 1128 2867 quer·

171 2913 222 2952 cus
237 2896 288 2954 aut
301 2909 391 2952 rosae:
414 2909 472 2968 quo
487 2888 571 2947 modo
585 2888 672 2946 etism
692 2904 846 2945 concursus
859 2885 985 2947 divinus
998 2888 1129 2950 determi-

170 2999 257 3056 natur
270 2995 302 3054 in
316 2995 411 3055 causis
425 3014 462 3053 ex
476 2991 645 3054 necessitate
660 2990 820 3066 agentibus.

210 3099 259 3160 21.
279 3097 336 3158 Sed
357 3098 456 3156 contra
479 3095 541 3154 hsec
564 3093 661 3168 gravis
683 3091 742 3151 imo
764 3095 793 3150 et
810 3090 985 3166 gravissima
1009 3097 1128 3169 urgetur

172 3199 338 3262 difficultas.
379 3195 486 3256 Petrus
500 3193 618 3272 quidem
631 3193 679 3254 hic
693 3197 722 3253 et
734 3211 813 3252 nunc
826 3191 901 3251 liber
914 3197 961 3252 est
974 3195 1014 3253 ad
1028 3197 1125 3254 ambu-

168 3299 288 3362 landum
316 3303 367 3362 cut
394 3297 568 3358 sedendum:
601 3296 651 3354 sed
678 3295 740 3371 ipsa
766 3294 828 3371 ejus
855 3293 1066 3354 determinatio
1091 3296 1125 3354 ad

168 3403 375 3463 ambulandum
389 3397 572 3479 potiusquam
587 3395 623 3453 ad
638 3394 804 3464 sedendum,
819 3393 867 3453 vel
880 3392 944 3452 vice
958 3413 1053 3470 versa,
1069 3415 1123 3456 non

167 3504 219 3570 est,
235 3509 270 3564 ut
283 3503 379 3564 verbis
401 3483 539 3562 Surrnzri
559 3497 595 3575 (l.
611 3516 635 3555 c.
652 3515 681 3554 n.
698 3495 750 3573 34)
764 3499 840 3567 utar,
867 3499 886 3528 “
896 3495 960 3552 sine
981 3515 1121 3558 concursu

164 3597 235 3658 Dei:
263 3603 344 3664 illius
371 3603 448 3665 enim
472 3597 674 3662 determinatio
694 3615 754 3656 non
778 3601 822 3655 est
844 3595 925 3655 uliud
946 3615 1037 3673 quam
1061 3600 1118 3677 ejus

163 3697 274 3775 volitis,
290 3724 378 3782 quam
400 3706 513 3764 constat
527 3700 590 3759 fieri
613 3718 672 3756 non
694 3717 775 3774 posse
798 3697 861 3755 sine
874 3715 1018 3756 concursu
1032 3699 1116 3760 Deir

160 3792 230 3866 19¹⁰
244 3818 312 3874 crgo
326 3803 427 3862 electio
442 3821 492 3860 scu
512 3797 717 3859 determinatio
730 3795 819 3868 Petri,
834 3796 896 3872 ipse
916 3799 999 3856 nctus
1012 3799 1113 3858 volun·
