2424 4300
165 407 225 471 180
527 399 582 469 De
599 400 728 471 Gralzb.
959 401 1065 491 [nrsr.
1082 425 1128 472 vr.

162 572 345 631 damnatione
367 576 484 648 prop.2
509 571 668 631 Alexandri
693 572 785 632 VIII.
807 572 868 631 vid.
893 573 972 649 apud
997 573 1127 632 eundem

163 677 267 748 (lnoix,
283 697 312 734 n.
328 678 376 734 58.

204 780 252 836 ta.
274 775 457 854 objectiones
470 779 571 836 eontra
582 776 811 853 Propositionem
822 780 969 854 quartam.
1018 776 1128 852 objici.

167 883 213 935 la.
235 883 255 909 “
268 877 375 935 Omnes
388 875 615 949 declinaverunt,
631 875 719 935 simul
729 876 850 936 inutiles
863 877 937 935 facti
951 880 1044 937 sunt:
1069 896 1130 934 non

164 976 275 1052 estqui
302 975 392 1033 faciat
413 978 530 1048 bonum,
546 995 604 1034 non
625 981 670 1036 est
693 997 787 1054 usque
810 977 846 1034 ad
866 978 990 1037 unum.”
1013 976 1128 1035 Psalm.

164 1077 230 1136 xiii.
258 1081 285 1134 4.
337 1075 437 1134 Sermo
463 1081 509 1134 est
533 1076 582 1135 hic
609 1077 645 1135 de
672 1077 870 1152 peccatoribus
898 1076 960 1135 sive
987 1075 1131 1135 fidelibus

164 1177 226 1236 sire
256 1176 445 1234 infidelibus:
478 1176 528 1234 sed
561 1196 629 1234 sane
661 1175 716 1248 illi,
740 1177 776 1235 dc
808 1177 915 1252 quibus
946 1175 1022 1237 talia
1059 1196 1130 1235 vera

164 1285 243 1348 sunt,
268 1276 384 1334 nullum
411 1295 484 1353 opas
504 1277 622 1348 Ιιοιιιιιιι,
643 1276 736 1335 multo
757 1276 855 1334 minus
876 1277 1006 1336 salutare
1029 1276 1128 1336 facere

164 1385 295 1454 possunt.

206 1479 252 1538 74.
273 1477 358 1552 nep.
376 1476 415 1538 1⁰.
437 1476 522 1535 Certe
535 1477 624 1536 verba
643 1475 771 1552 intelligi
784 1496 842 1535 non
854 1481 978 1553 possunt
991 1476 1025 1535 in
1039 1497 1127 1538 sensu

165 1577 324 1637 universali
337 1595 426 1652 quem
438 1594 499 1652 pras
513 1576 658 1644 sefernnt,
674 1575 710 1634 de
724 1575 856 1634 omnibus
870 1575 1043 1637 bominibus
1057 1582 1127 1637 tunc

166 1677 378 1737 existentibus:
399 1694 459 1734 non
480 1675 559 1735 enim
585 1695 694 1748 omnes,
723 1695 816 1753 usque
843 1677 880 1734 ad
907 1696 1011 1752 unum,
1043 1684 1127 1737 erant

166 1785 338 1856 peccatores.
394 1777 538 1836 2⁰.1nter
563 1776 660 1835 varias
682 1777 936 1852 interpretationes
963 1778 1018 1836 illa
1045 1782 1124 1838 ante·

166 1880 298 1956 ponenda
311 1897 373 1937 esse
386 1877 515 1950 ridetur,
532 1897 619 1954 quam
639 1877 770 1936 insinuat
792 1878 821 1936 S.
837 1878 958 1952 Paulus,
975 1879 1125 1955 proferens

166 1979 244 2038 hunc
266 1980 372 2050 locum,
398 1977 483 2036 Rom.
503 1977 547 2036 iii.
577 1983 611 2035 12
628 1983 698 2035 :—“
711 1977 828 2036 causati
848 1981 950 2037 sumus
963 1979 983 2038 J
985 1979 1084 2039 udaeos
1097 1985 1124 2038 et

167 2079 453 2140 (iroecosomnessnb
466 2083 584 2155 peccato
604 2097 685 2136 esse:
708 2077 784 2136 sient
804 2077 1025 2154 scriptumest:
1050 2079 1123 2146 Quia

167 2198 226 2238 non
252 2187 297 2239 est
315 2183 409 2256 justas
432 2178 595 2256 quisquam.
624 2221 632 2235 .
660 2221 667 2234 .
690 2222 697 2235 .
723 2220 731 2236 .
757 2178 863 2237 Omnes
890 2178 1120 2252 declinaverunt,

168 2279 276 2338 simul''
291 2283 342 2341 &a
364 2286 400 2339 ut
422 2300 518 2356 supra.
561 2280 737 2356 Spectantnr
759 2300 826 2356 ergo
847 2281 979 2340 homines
1000 2286 1036 2342 ut
1056 2291 1121 2342 ante

167 2380 254 2438 fidem
268 2386 299 2439 et
312 2381 434 2456 gratiam
455 2383 610 2456 acceptam,
625 2382 656 2437 et
673 2399 741 2454 ergo
762 2399 879 2456 prorsus
894 2381 1073 2457 impotentes
1086 2383 1120 2440 ad

167 2480 283 2556 aliquod
298 2482 407 2539 bonum
427 2480 553 2538 salutare
573 2478 755 2537 faciendum:
779 2480 921 2556 quomodo
943 2500 992 2539 eos
1011 2487 1120 2558 spectat

169 2580 199 2640 S.
215 2581 333 2652 ,ΡιιιιΙιιι
356 2581 388 2639 in
406 2581 460 2639 illa
479 2579 631 2656 Epistola:
663 2598 758 2656 supra,
782 2598 812 2639 n.
830 2585 878 2640 53.
920 2579 1006 2646 Quod
1025 2585 1119 2641 autem

168 2699 227 2739 non
239 2681 390 2758 potuerint
403 2681 536 2757 quaedam
550 2699 637 2756 opera
656 2678 804 2738 moraliter
816 2679 890 2737 bona
904 2679 1007 2753 faeere,
1023 2679 1055 2738 in
1068 2681 1118 2738 boc

168 2781 231 2839 loco
245 2781 404 2857 Scripturas
418 2800 472 2839 nec
486 2780 646 2839 affirmatur
663 2799 717 2838 nec
730 2783 862 2855 negatur,
878 2783 981 2856 utpote
995 2781 1072 2857 quod
1085 2780 1119 2838 ad

168 2898 230 2938 rem
242 2879 319 2937 nihil
332 2879 492 2938 attinebat:
515 2897 611 2954 snpra,
623 2897 654 2937 n.
671 2881 718 2936 31.

210 2982 257 3041 7⁵.
284 2978 384 3054 Obstat.
403 2982 448 3036 13.
473 2978 640 3038 “Victimae
659 2978 815 3056 impiorum
837 2978 1043 3040 abominabiles
1064 2983 1116 3040 Do·

168 3079 264 3136 mino:
296 3083 364 3136 vota
386 3078 531 3152 justornm
563 3077 749 3154 placabilia.”
778 3077 866 3140 Prov.
886 3098 936 3136 xv.
961 3083 988 3139 8.
1047 3081 1119 3140 “Nc

168 3177 295 3237 offeratis
318 3177 397 3237 ultra
421 3177 595 3237 sacrificium
616 3178 744 3238 fnistra:
767 3177 919 3238 incensum
946 3179 1118 3240 abominatio

168 3283 212 3335 est
225 3276 306 3336 mihi.
327 3321 334 3336 .
357 3320 364 3334 .
387 3320 394 3336 .
414 3319 422 3336 .
444 3275 546 3352 Iniqui
560 3281 630 3335 sunt
644 3277 876 3336 coetusvestri:’'
890 3279 940 3336 &a
961 3277 1115 3338 Isai.i.13.

168 3376 282 3435 Similia
304 3376 336 3434 in
359 3375 425 3435 aliis
446 3375 518 3434 locis
541 3377 578 3436 V.
598 3376 632 3436 Τ.
656 3375 809 3436 habentur.
851 3377 978 3435 Tantum
993 3378 1117 3436 abestut

167 3482 327 3553 peccatores
347 3497 432 3554 opera
451 3476 589 3535 salutaria
610 3477 704 3536 faeere
727 3478 847 3554 possint,
870 3485 906 3536 ut
927 3497 1014 3554 opera
1034 3479 1114 3538 etiam

168 3577 313 3637 moraliter
334 3578 409 3636 bona
429 3577 522 3637 tacere
542 3596 601 3636 non
624 3582 755 3655 possunt.
803 3577 835 3636 Si
857 3578 936 3636 enim
956 3597 1043 3654 opera
1062 3598 1113 3637 non

168 3678 260 3737 solum
275 3677 306 3736 in
320 3700 349 3737 se
363 3680 438 3738 bona
453 3679 501 3737 sed
517 3677 604 3737 etiam
619 3677 762 3736 divinitus
783 3678 927 3751 instituta,
944 3685 978 3736 ut
992 3683 1037 3737 est
1047 3699 1113 3756 opus
