2438 4304
170 385 235 451 ³¹4
538 359 595 425 De
611 353 743 422 Gratia.
960 350 1058 438 [ιιιιι.
1073 370 1115 416 ιι.

169 535 238 594 iude
260 529 494 608 suparnstunlas
520 529 552 588 et
576 543 630 604 per
656 541 688 582 sa
712 517 856 580 infuse
899 517 1026 591 Suam,
1052 517 1073 578 l.
1093 521 1117 588 6,

169 651 193 692 o.
209 637 237 702 e,
252 649 283 688 n.
298 631 326 688 ⁷.
367 629 496 688 Tantum
518 647 586 687 vero
609 625 691 684 abest
703 625 740 682 ut
752 623 814 681 haee
835 620 990 692 sententia,
1007 619 1063 680 etsi
1075 620 1119 695 (ιιι

170 731 214 790 ait
227 733 376 800 Διιτιιιι,
401 748 428 790 o.
451 733 481 802 6,
506 747 533 787 a.
547 728 580 801 6)
601 731 712 784 “nune
735 720 896 782 eommunis
915 719 1047 780 omnium
1066 721 1120 779 fere

170 831 369 906 theologorum
379 832 397 858 ”
419 831 458 888 sit
475 827 623 888 ullomodo
646 823 775 896 definita,
790 827 827 882 ut
839 822 879 882 sit
898 825 1016 882 tautum
1030 821 1123 899 opinio

169 929 334 1006 theologias
353 927 539 1006 probabilior,
560 944 650 1003 quum
663 923 740 1001 quis,
757 921 829 1000 [sina
850 921 913 980 ulla
936 924 1015 992 nota,
1041 919 1125 980 etiarn

170 1031 354 1102 lamentatis,
376 1029 496 1108 rsjioare
518 1031 624 1106 potest.
665 1021 998 1097 stramineum.
1050 1021 1127 1084 Noti

172 1131 295 1208 dignum
307 1129 445 1207 estquod
457 1125 528 1188 ibid.
543 1127 631 1186 habet
643 1125 786 1184 mom
801 1127 873 1183 :·-“
884 1121 1023 1185 Virtutes
1036 1141 1127 1184 mora·

171 1231 216 1291 les
224 1251 278 1309 per
290 1249 321 1290 se
333 1229 439 1288 infusa
452 1228 524 1287 dant
542 1226 661 1305 quidem
679 1223 852 1285 facilitatem
871 1222 1002 1301 aliquam
1024 1221 1129 1285 intrin-

173 1351 268 1392 seoam
280 1331 355 1390 bene
364 1327 478 1404 agendi,
491 1327 587 1386 dando
595 1325 765 1386 mediatem
774 1323 930 1384 exeroendi
939 1327 1023 1384 aetus
1031 1341 1130 1400 eupor-

173 1431 330 1492 naturales.
370 1431 487 1488 Ainon
500 1427 572 1486 daut
585 1425 757 1502 simpliciter
778 1443 863 1500 agere
882 1423 977 1498 facile,
992 1444 1048 1485 nee
1060 1426 1131 1486 dant

173 1533 346 1594 labilitatem
368 1529 562 1590 extrinsecam
585 1534 617 1588 et
638 1526 814 1598 sensibilem,
829 1526 1006 1586 removendo
1019 1528 1131 1588 seiliuet

174 1635 392 1712 impedimenta,
407 1651 475 1708 qoae
489 1637 541 1691 aut
554 1650 593 1689 ex
605 1628 771 1706 ignorantia
780 1631 833 1688 aut
846 1647 884 1688 ex
895 1628 1131 1708 eououpiseeutia

174 1743 228 1797 aut
240 1755 279 1796 ex
291 1734 378 1794 malis
390 1733 540 1793 habitibus
553 1730 757 1809 proveniunt’'

213 1839 283 1896 ιιι.
304 1835 381 1895 Alia
394 1839 464 1894 sunt
475 1833 650 1912 quaestiones
662 1833 699 1892 do
712 1831 819 1909 quibus
830 1830 968 1892 lentorem
982 1831 1133 1894 curiosum

175 1939 213 1997 ad
225 1941 356 1996 auotorss
369 1935 556 1996 remittimus.
597 1935 642 1999 70.
662 1934 712 1992 An
728 1931 904 2011 justifioatio
919 1934 1080 2010 peooatoris
1094 1936 1134 1994 sit

175 2037 335 2098 maximum
349 2056 422 2114 opus
434 2035 514 2095 Dei?
554 2035 597 2094 80.
617 2033 803 2110 Ansitopua
816 2031 1046 2093 miraoulosum?
1088 2037 1134 2096 De

175 2138 295 2197 bisvid.
310 2137 434 2209 Susura,
449 2137 471 2196 l.
487 2137 514 2208 7,
529 2155 555 2196 e.
569 2139 627 2196 25:
650 2135 810 2204 anuanr,
821 2134 850 2192 d.
863 2135 891 2204 7,
903 2153 930 2194 a.
944 2140 972 2194 5.
1016 2136 1060 2195 90.
1083 2138 1132 2196 Au

175 2239 266 2318 possit
292 2239 386 2316 gratia
412 2239 595 2298 sanetifioaus
620 2237 715 2296 minei
740 2240 871 2313 (pensato
895 2236 975 2295 euim
1001 2239 1130 2311 mortali,

176 2359 268 2425 eoque
281 2339 350 2412 solo,
366 2341 428 2398 bota
440 2336 642 2416 spadium
681 2337 727 2396 lla
746 2336 801 2396 beo
821 2335 882 2397 vid.
897 2337 926 2397 S.
940 2337 1089 2398 Tuouaua.
1103 2344 1131 2399 2.

178 2442 423 2517 aemam

275 2676 290 2758 ξ
304 2677 333 2738 2.
354 2676 478 2736 Erroras
486 2673 682 2736 Novatoisim:
705 2672 844 2734 Doctrina
858 2671 1014 2734 Ootioliaa.

492 2854 617 2913 Eiroraa
629 2854 812 2913 Novaterum.

217 3015 263 3074 δι.
284 3011 404 3088 Duplici
427 3011 512 3070 modo
536 3011 644 3088 exponi
664 3014 786 3088 possunt
809 3030 918 3072 errores
931 3011 1002 3072 isti:
1026 3015 1131 3092 primo,

175 3113 256 3174 varie
271 3117 427 3190 systemata
440 3119 470 3170 ιι
484 3112 642 3170 sententias
655 3113 814 3172 enarrando
828 3112 974 3172 variarum
988 3119 1133 3174 sectarum

175 3220 206 3276 et
218 3214 308 3275 etiam
330 3211 489 3287 insignium
512 3211 694 3287 scriptorum,
716 3211 842 3272 maxime
860 3212 1131 3288 haeresiarcharum,

175 3322 210 3374 ut
222 3311 355 3383 Luthari,
371 3309 502 3382 Calvini3
519 3309 642 3386 singulis
655 3311 740 3370 sentis
750 3318 780 3369 ιι
793 3311 980 3388 scriptoribus
1000 3313 1133 3372 uomina-

174 3414 230 3474 tim
244 3433 310 3472 euos
322 3410 452 3489 proprias
472 3409 615 3468 doctrinas
629 3409 793 3471 tribuendo.
834 3411 901 3481 sed,
915 3410 1053 3488 quoniam
1073 3432 1133 3472 nou

174 3514 269 3572 solum
292 3511 390 3588 plures
413 3514 482 3569 sunt
509 3515 594 3568 seetae
621 3514 652 3568 ιι
678 3516 810 3570 ιιιιοιιι
830 3509 890 3584 isti,
914 3513 992 3572 inter
1012 3531 1044 3572 sa
1064 3513 1133 3590 plus

174 3611 271 3672 minus
284 3610 495 3684 dissentientes,
511 3607 662 3668 sedetiam
684 3609 813 3671 membra
826 3610 956 3693 ejusdem
969 3617 1057 3678 seetae
1071 3633 1132 3675 non
