2430 4304
30 436 107 482 msr.
131 413 213 503 v11.]
276 414 331 480 De
348 411 469 479 Groto'cr
482 411 582 499 Effic.
598 409 761 497 etSuffic.
923 430 982 476 201

33 581 160 660 “Neque
174 580 261 642 enim
280 579 425 657 templum
441 597 528 639 suum
546 577 587 637 sic
608 577 644 638 de
663 573 746 639 vobis
759 574 883 637 edificat
895 575 985 650 Deus,

32 681 109 755 quasi
122 683 159 742 de
172 680 327 760 lapidibus
340 680 392 758 qui
405 699 464 740 non
476 679 586 738 hebent
599 681 711 738 motum
726 697 811 737 suum
825 695 832 737 :
853 676 989 737 levantur

31 778 153 858 [lapides
181 780 386 862 hujusmodi}
422 782 458 842 ab
481 783 622 841 structore
645 783 804 858 ponuntur.
853 779 921 839 Non
948 777 989 836 sic

29 881 231 959 suntlapides
256 881 336 942 vivis
366 886 397 941 et
417 900 469 942 vos
489 884 640 958 tamquam
662 877 849 957 lepidesvivi
862 877 987 938 coadid-

30 979 128 1039 camini
153 981 188 1040 in
212 981 360 1059 templum
386 979 451 1040 Dei
503 978 665 1054 Ducimini,
696 979 746 1039 sed
778 978 889 1040 currite
916 997 985 1037 vos:

30 1078 172 1155 ducimini,
184 1083 239 1144 sed
254 1081 440 1161 sequimini.''

292 1241 349 1323 §3.
375 1239 533 1302 Solvuntur
549 1238 730 1317 objectiones.

69 1385 113 1441 82.
139 1382 246 1461 occet.
266 1387 292 1443 l.
317 1388 337 1418 “
350 1383 491 1444 Auferam
511 1402 561 1443 cor
579 1382 726 1460 lapideum
740 1383 776 1442 de
787 1401 871 1442 carne
883 1382 988 1457 vestra,

34 1481 60 1537 et
73 1480 143 1541 dabo
160 1484 247 1544 vobis
261 1503 312 1544 cor
322 1503 458 1543 carneum
460 1525 591 1556 .....
612 1483 758 1542 etfaciam
772 1481 851 1541 utin
863 1499 988 1558 pracep-

36 1575 69 1636 tis
79 1581 150 1642 meis
164 1583 357 1645 ambuletis.''
377 1583 485 1644 Ezech.
500 1582 606 1643 xxxvi.
621 1587 669 1654 26,
685 1586 733 1644 27.
774 1580 893 1658 Duplici
906 1580 990 1639 modo

35 1674 75 1734 his
86 1681 181 1743 verbis
195 1683 485 1761 significeturgratia
500 1682 686 1744 necessitaus.
731 1682 772 1742 1⁰.
794 1681 850 1740 Gor
869 1700 987 1751 novum,

37 1769 54 1927 il.
63 1794 86 1835 e.
99 1797 174 1842 nova
187 1783 337 1856 voluntas,
359 1802 377 1842 a
396 1782 459 1842 Deo
479 1783 584 1854 datur;
608 1779 649 1856 2⁰,
664 1782 744 1841 Deus
758 1781 829 1841 facit
841 1784 877 1842 ut
890 1781 990 1841 ambu-

50 1879 102 1935 ent.

77 1976 120 2032 38.
141 1977 231 2056 Resp.
261 1979 358 2040 Valde
371 1979 559 2057 probabiliter
580 1979 629 2039 hic
650 1979 731 2040 locus
754 1979 882 2057 intelligi
905 1979 991 2040 debet

43 2066 73 2128 de
84 2071 215 2138 Ecclesia
230 2079 351 2153 Christi,
368 2080 447 2140 etde
461 2079 563 2155 gratiis
585 2080 739 2140 uberrimis
759 2085 788 2141 et
807 2080 991 2158 providentia

45 2171 160 2250 speciali,
190 2180 300 2257 quibus
326 2183 466 2256 perpetuo
494 2179 602 2239 eximie
636 2185 735 2239 sancta
761 2181 989 2241 conservabitur.

46 2267 182 2351 Quicquid
196 2281 233 2338 de
247 2280 303 2338 hoo
315 2279 432 2352 dicitur,
447 2277 606 2356 Distinguo
623 2284 668 2339 1²¹²
682 2283 794 2357 partem
807 2299 815 2339 :
838 2284 894 2341 Cor
907 2284 992 2340 ontea

47 2363 141 2431 durum
155 2380 185 2436 et
199 2377 304 2454 gratiis
327 2377 403 2437 datis
424 2377 571 2452 resistens,
597 2377 681 2438 novis
700 2379 803 2455 gratiis
816 2380 991 2450 emollietur,

47 2466 141 2536 suibus
163 2478 257 2551 cedet,
282 2478 333 2537 sed
355 2479 472 2538 libere:
502 2477 655 2539 Concedo:
683 2479 870 2540 Necessario:
893 2481 989 2556 Nego:

48 2577 175 2645 ⁸11pra,n,
192 2581 242 2638 23.
286 2577 370 2654 Saepe
390 2596 499 2636 novum
519 2597 580 2637 esse
600 2577 716 2652 dicitur,
739 2580 817 2656 quod
830 2579 863 2638 in
874 2598 949 2638 novo
963 2584 993 2638 et

48 2665 147 2731 meliori
161 2678 242 2737 statu
265 2677 393 2754 ponitur.
434 2677 591 2754 Distinguo
615 2683 667 2736 2⁸¹³
688 2683 801 2756 partem
820 2699 828 2740 :
849 2679 934 2740 Fecit
958 2685 994 2740 ut

50 2764 189 2835 ambulent
215 2777 324 2836 libere:
357 2775 511 2838 Concedo:
544 2779 623 2855 quod
650 2780 737 2840 etiem
764 2779 827 2857 ipso
853 2781 993 2840 vocabulo

50 2862 226 2934 “ambuletis
239 2875 257 2909 ”
279 2874 475 2952 significatum
497 2895 581 2936 nemo
596 2877 685 2952 enim,
700 2879 783 2956 cnjus
796 2880 884 2955 pedes
896 2899 993 2941 neces·

50 2959 123 3028 sinte
150 2983 345 3054 moverentur,
376 2981 524 3040 ambulare
560 2980 733 3059 simpliciter
757 2982 920 3046 diceretur:
951 2987 994 3046 Ut

51 3066 188 3136 ambuans
215 3079 395 3138 necessario:
418 3079 510 3156 Nego.
561 3081 645 3141 Nihil
672 3083 853 3144 communius
879 3085 912 3145 in
937 3107 993 3146 usu

52 3155 175 3240 loquendi
194 3183 238 3239 est
258 3199 346 3257 quem
359 3184 394 3238 ut
414 3180 480 3258 quis
500 3179 579 3240 dicat
592 3201 622 3240 se
636 3181 783 3244 facturum
803 3189 838 3244 ut
851 3185 926 3245 alius
938 3187 992 3247 hoc

52 3262 168 3334 velillud
176 3283 252 3355 agat,
265 3281 342 3356 quod
352 3283 450 3340 tamen
460 3280 576 3341 omnino
586 3282 675 3343 libere
684 3286 752 3360 egit
794 3286 836 3346 Ut
845 3291 913 3363 aget
922 3287 993 3350 facit

55 3373 178 3448 exemplo
189 3398 250 3452 suo,
260 3380 401 3452 suasione,
417 3386 569 3459 precepto,
585 3384 704 3460 praemio
717 3386 873 3462 proposito,
890 3390 940 3446 deo.

87 3467 130 3526 34·
154 3474 253 3553 object.
268 3483 294 3538 2.
318 3480 442 3540 “Nemo
464 3483 562 3558 potest
582 3482 682 3543 venire
696 3485 732 3543 ad
747 3504 800 3556 me,
816 3485 873 3544 nisi
892 3487 989 3562 Peter,

56 3559 98 3630 lui
115 3571 193 3636 misit
215 3597 262 3638 me
286 3579 411 3639 traxerit
424 3580 525 3640 eum.''
546 3581 630 3641 Joan.
645 3582 686 3642 vi.
703 3587 748 3642 44.
791 3583 851 3650 Qui
865 3586 992 3648 trahitur

56 3656 87 3715 ld
97 3663 229 3752 flliqnem,
243 3677 337 3740 libere
351 3680 468 3740 ennead
482 3699 549 3740 cum
562 3700 620 3742 non
633 3683 752 3743 accedit.

487 3782 523 3838 10
540 3779 559 3819 '⁶
