2408 4304
73 459 166 509 mss.
182 439 259 528 xrs]
460 437 663 508 DeMers'to.
967 461 1029 525 423

72 607 228 686 passiones
242 609 331 687 hujus
351 607 489 685 temporis
503 608 537 667 ad
552 607 681 667 futuram
695 606 825 684 gloriam,
841 625 907 685 quse
919 607 1030 667 revela·

73 709 163 768 bitur
175 708 206 767 in
220 707 330 768 nobis.'’
372 709 456 768 Rom.
471 707 532 766 viii.
550 712 595 774 18.

122 814 171 870 82.
192 811 277 886 Resp.
297 809 453 885 Distinguo
462 829 565 868 verum
577 829 692 869 sensum
705 812 805 870 textus
819 831 836 870 a
850 811 938 871 falso:
962 813 1031 870 Pss-

74 910 176 970 siones
188 914 303 983 nostre,
327 915 361 970 ut
371 911 515 987 passiones
534 911 554 972 i.
570 929 594 968 e.
617 913 745 986 spectata
761 929 860 970 esrum
879 911 1033 972 acerbitate

75 1015 112 1070 et
132 1014 260 1088 spectato
276 1014 474 1088 temporeque
494 1011 600 1070 durant
620 1010 737 1086 exiguo,
757 1029 816 1070 non
837 1021 906 1070 sunt
926 1012 1031 1088 digna,

75 1111 141 1170 imo
155 1111 237 1190 quasi
260 1111 337 1170 nihil
360 1116 436 1180 sunt,
457 1129 523 1170 oum
545 1110 659 1187 gaudiis
679 1111 789 1170 sternis
810 1111 882 1170 ooeli
902 1112 1031 1172 oollatoe:

77 1217 231 1278 Conoedo:
266 1217 308 1276 Ut
321 1235 406 1294 opera
419 1216 659 1294 supernaturalia,
674 1216 786 1276 meritis
804 1220 834 1276 et
851 1217 1034 1293 passionibus

75 1315 194 1376 Christi
207 1316 320 1376 elevate
338 1321 368 1376 et
381 1320 485 1377 auote:
511 1316 721 1392 subdistinguo
735 1337 742 1377 :
770 1317 800 1376 N
800 1336 838 1376 on
856 1322 925 1376 sunt
939 1317 1034 1394 dignae

73 1416 223 1493 dignitate
242 1417 440 1494 aequalitatis:
472 1416 622 1476 Concedo:
650 1415 802 1492 Dignitste
821 1417 1032 1495 proportionis:

72 1516 171 1592 Nego.
214 1518 298 1576 Hans
326 1515 542 1576 distinotionem
565 1516 622 1575 alio
648 1515 680 1575 in
704 1515 767 1576 loeo
792 1517 867 1577 olsre
891 1517 1035 1594 signifieat

74 1616 237 1694 Apostolus
249 1622 319 1678 :-“
331 1617 377 1691 Id,
388 1617 480 1696 ‘quod
500 1616 531 1675 in
552 1615 689 1693 prasenti
700 1621 745 1676 est
759 1622 991 1677 momentaneum
1005 1622 1035 1678 et

73 1719 143 1777 leve
170 1716 366 1776 tribulationis
395 1721 510 1790 nostres,
541 1735 628 1792 supra
653 1717 771 1774 modum
795 1717 828 1775 in
854 1718 1035 1778 sublimitate

74 1823 219 1876 eeternum
234 1816 332 1892 glories
345 1817 458 1894 pondus
472 1820 608 1893 operator
622 1816 654 1875 in
667 1816 779 1876 nobis.''
816 1823 834 1878 2
846 1817 910 1877 cor.
925 1818 963 1878 iv.
979 1823 1032 1883 17:

76 1936 175 1994 supra,
191 1937 220 1977 n.
237 1921 284 1976 33.
331 1921 350 1950 “
363 1916 447 1975 Siout
469 1935 575 1988 semen,
601 1915 671 1976 lieet
695 1917 726 1975 in
750 1935 780 1976 se
805 1917 954 1995 exiguum,
973 1921 1034 1979 vim

75 2023 175 2076 tamen
200 2021 231 2076 et
253 2016 409 2076 effioaoiom
432 2016 600 2076 seminalem
624 2017 712 2076 habet
735 2017 916 2094 produoendi
938 2018 1032 2095 flores,

76 2117 195 2176 frondes
209 2121 239 2176 et
252 2117 382 2190 fruatus3
401 2116 518 2175 itatem
538 2103 631 2193 passio
643 2135 740 2194 ¹quens
761 2117 836 2177 aetio
854 2137 976 2178 manans
998 2139 1035 2179 ex

77 2219 175 2295 gretia
188 2223 218 2279 et
237 2219 379 2279 oharitste
393 2218 458 2292 Dei,
477 2217 547 2277 lioet
566 2218 598 2276 in
617 2237 647 2278 se
671 2219 782 2295 exigue
799 2220 846 2294 sit,
862 2221 924 2280 vim
938 2226 1036 2282 tamen

78 2321 168 2379 habet
190 2325 220 2379 et
240 2318 392 2378 effleaoiam
412 2317 604 2396 produoendi.
618 2319 820 2380 ...moraliter
839 2325 870 2381 et
889 2323 1035 2384 meritorie

80 2421 202 2496 gloriam
218 2420 368 2479 coelestem
371 2461 460 2480 .....
478 2418 562 2478 Siout
581 2417 729 2476 modicum
749 2419 814 2478 auri
827 2422 907 2480 v'slet
927 2441 1035 2499 equum

81 2521 258 2593 authorem,
282 2522 345 2578 turn
367 2518 414 2577 sui
427 2518 525 2576 valore
546 2521 577 2576 et
597 2517 698 2594 pretio,
715 2523 779 2577 tum
799 2537 837 2577 ex
850 2520 1036 2581 institutione

82 2626 112 2681 et
138 2619 329 2680 aestimatione
355 2618 525 2690 hominum;
551 2617 592 2676 sio
615 2615 761 2676 modicum
787 2618 820 2677 in
843 2639 873 2678 se
899 2639 971 2697 opus
998 2641 1036 2680 ex

82 2721 176 2798 gratia
202 2721 312 2779 fastum
338 2725 468 2778 meretur
486 2717 577 2778 vitem
601 2720 748 2790 sternam,
773 2721 917 2780 tamnus
943 2721 1036 2798 ipsius

83 2822 225 2897 dignitato
236 2824 265 2882 et
275 2819 377 2898 pretio,
387 2824 451 2879 tum
462 2839 500 2879 ex
509 2816 697 2896 promissione
710 2822 740 2878 et
752 2818 939 2880 institutione
947 2821 1035 2881 Dei.'’

84 2924 109 2982 A
126 2923 246 2991 Limus,
268 2920 300 2979 in
320 2921 373 2980 loo.
387 2921 531 2981 Videatur
545 2911 674 2988 Lussius,
689 2919 725 2978 de
738 2918 968 2980 Perfeotionibus
980 2923 1035 2981 Di-

82 3021 168 3093 vinis,
184 3021 205 3079 l.
220 3025 265 3093 12,
275 3041 304 3082 n.
321 3021 369 3094 79,
386 3023 447 3094 toa,
461 3021 481 3078 l.
497 3023 542 3093 13,
557 3039 586 3080 n.
604 3023 710 3093 194-5,
720 3023 750 3080 et
763 3020 799 3079 de
813 3021 933 3080 Summo
943 3021 1033 3095 Bono,

84 3123 519 3196 inuisitatus

126 3226 172 3285 83.
196 3221 296 3300 Objset.
315 3226 359 3282 ll.
385 3223 479 3300 Opera
505 3225 611 3295 nostra,
638 3239 704 3300 qum
728 3221 816 3282 otiam
840 3221 949 3300 optime
975 3241 1036 3283 esse

86 3325 230 3398 videntur,
247 3328 316 3383 sunt
329 3324 425 3382 omnis
439 3323 536 3400 aliquo
550 3323 633 3382 modo
646 3323 746 3394 msia;
767 3327 796 3382 et
809 3325 906 3400 potius
924 3322 1037 3382 miseri·

87 3423 188 3484 eordiae
202 3428 232 3483 et
246 3423 339 3484 veniae
359 3443 447 3502 quam
465 3423 578 3500 praemii
592 3425 706 3500 objecta
720 3427 797 3484 sunt.
838 3423 887 3482 Ita
904 3421 992 3482 multi
1005 3421 1037 3482 in

87 3525 132 3583 his
145 3523 311 3601 regionibus
325 3524 477 3602 scriptores
491 3522 705 3584 Protestantioi.

125 3629 189 3686 83a.
211 3626 297 3703 Resp.
320 3626 396 3688 Dist.
421 3626 544 3704 primam
562 3624 803 3703 propositionem:
825 3624 931 3686 Omnia
951 3643 1038 3702 opera

85 3727 227 3805 justorum
242 3727 291 3806 (de
305 3727 373 3787 solis
392 3728 470 3787 enim
489 3727 578 3805 justis
596 3727 644 3787 hie
665 3745 757 3802 sermo
778 3726 834 3801 est)
857 3729 925 3786 sunt
939 3725 1036 3806 aliquo
