2410 4314
153 420 193 499 58
518 408 573 475 De
590 407 721 475 Gratia.
931 404 1032 491 [nrsr.
1050 427 1107 470 111.

150 583 214 642 xix.
242 586 283 639 5:
316 576 436 656 ‘Mittat
462 576 518 637 tibi
545 575 689 636 auxilium
723 575 759 634 de
793 575 913 646 sancto,’
935 576 965 632 et
991 573 1109 633 Psalm.
1187 563 1188 574 ¹

151 703 220 743 cxx.
246 684 280 739 l:
315 675 442 737 ‘Levavi
472 675 569 737 oculos
592 696 671 735 meos
699 675 731 736 iu
760 677 879 746 montes,
902 673 980 732 unde
1004 673 1110 733 veniet

151 777 296 838 auxilium
316 773 397 832 mihi.
449 772 604 832 Auxilium
627 792 725 832 meum
747 792 763 830 a
784 771 931 830 Domino.’
980 770 1111 847 Propter

150 880 211 939 haee
224 877 315 954 igitur
339 873 402 934 dixi
415 871 447 933 in
461 873 626 944 assertione,
651 873 795 933 auxilium
814 872 972 945 internum,
988 871 1110 948 proprie

150 984 307 1056 sumptum,
324 995 429 1052 semper
452 994 512 1034 esse
534 973 645 1052 aliquid
669 978 805 1034 creatum.
848 971 925 1040 Quia
948 973 973 1031 si
999 991 1109 1030 nomen

89 1093 90 1096 ’
153 1077 298 1137 ‘auxilii'
324 1075 500 1136 extendatur
523 1075 560 1135 ed
581 1095 664 1136 omne
685 1073 902 1152 supernaturale
926 1071 1109 1150 principium

150 1197 203 1237 nos
216 1178 358 1256 adjuvans
371 1177 408 1236 ad
422 1179 550 1236 sanctam
565 1175 767 1254 operationem,
790 1177 887 1252 potest
900 1173 932 1232 in
945 1171 1109 1232 latitudine

150 1277 327 1337 auxiliorum
349 1277 412 1336 dari
434 1275 552 1354 aliquod
574 1275 749 1336 increatum:
779 1275 828 1335 sed
852 1275 887 1334 de
906 1273 959 1332 illo
981 1273 1109 1332 dicimus

150 1377 306 1456 improprie
321 1376 417 1436 vocari
431 1377 585 1451 auxilium,
602 1377 719 1436 cumsit
733 1378 782 1436 ille
796 1374 964 1454 principalis
978 1373 1107 1452 adjutor.

151 1479 278 1556 Ideoque
292 1479 327 1538 de
341 1477 463 1538 internis
475 1477 604 1549 auxiliis,
625 1479 740 1555 proprie
753 1477 797 1538 ita
809 1475 927 1550 vocetis,
950 1474 1013 1534 sine
1027 1473 1107 1533 limi·
1187 1499 1188 1536 1

151 1579 260 1638 tatione
283 1577 409 1638 dicimus
431 1598 491 1638 esse
515 1577 627 1656 aliquid
647 1583 790 1638 creatum:
813 1577 845 1637 in
864 1597 931 1656 quo,
955 1580 991 1636 ut
1010 1575 1106 1648 video,

150 1679 233 1739 nulla
246 1681 290 1740 est
304 1677 442 1739 dissensio
457 1677 533 1738 inter
547 1679 738 1739 catholicos.’'
1188 1660 1189 1675 ¹

190 1783 218 1837 2.
242 1779 299 1838 Sed
313 1797 447 1856 quaenam
461 1777 499 1837 sit
512 1777 601 1856 hujus
620 1778 721 1854 gratiae
741 1781 844 1838 creatae
859 1777 993 1848 essentia,
1009 1793 1107 1852 quaes-

150 1878 191 1938 tio
218 1882 262 1938 cst
285 1879 363 1956 apud
387 1878 534 1955 theologos
562 1873 719 1956 disputata.
761 1879 799 1937 Id
823 1877 899 1955 quod
917 1875 950 1934 in
970 1875 1109 1952 opinione

151 1979 290 2043 Surrrnu
309 1978 469 2056 principale
492 1983 544 2052 est,
568 1978 696 2055 praecisis
724 1977 943 2056 ,quaestionibus
965 1975 1107 2035 secunda-

150 2078 211 2150 riis,
226 2078 301 2138 mihi
314 2079 399 2155 longe
421 2077 596 2155 probabilior
618 2078 751 2138 doctrina
774 2099 835 2138 esse
857 2077 990 2146 videtur3
1016 2095 1107 2154 quem

151 2179 237 2238 etiam
248 2197 348 2238 censeo
363 2178 441 2255 apud
453 2181 585 2238 auctores
599 2177 780 2238 communius
790 2197 851 2238 esse
864 2180 1020 2254 receptam.
1066 2177 1106 2234 1⁰.

152 2277 253 2338 Gratia
266 2277 406 2351 excitans,
423 2297 473 2338 reu
486 2277 581 2354 gratie
594 2297 652 2355 qua
668 2277 796 2356 primum
818 2279 951 2338 movetur
968 2276 1057 2334 homo
1070 2276 1108 2334 ad

152 2397 225 2456 opus
238 2377 363 2438 salutare
384 2377 591 2456 praestandum,
608 2382 652 2437 est
676 2383 757 2438 actus
778 2377 877 2438 vitalis
897 2376 1109 2436 indeliberatus

152 2478 319 2539 intellectds
332 2479 381 2540 vel
393 2479 570 2550 voluntatis3
593 2497 653 2552 seu,
672 2479 738 2539 aliis
761 2480 855 2540 verbis
869 2483 899 2539 et
911 2478 1037 2556 plenius,
1064 2482 1110 2537 est

152 2584 248 2640 motus
266 2579 430 2640 intellecttrs
451 2583 503 2640 aut
533 2579 694 2640 voluntatis
718 2584 769 2639 aut
796 2579 949 2657 utriusque
970 2578 1003 2638 in
1023 2578 1109 2638 nobis

153 2680 215 2740 sine
228 2682 311 2741 nobis
325 2702 342 2740 a
355 2683 416 2742 Deo
439 2680 585 2741 excitatus
607 2681 644 2739 ad
665 2681 830 2758 praestanda
854 2699 940 2758 opera
959 2680 1107 2761 salutaria.

153 2781 245 2840 Actus
258 2785 301 2841 est
314 2781 422 2854 vitalis,
438 2781 508 2859 quia
521 2785 602 2841 actus
616 2785 659 2841 est
673 2787 812 2842 creaturae
826 2781 954 2842 virentis
968 2784 999 2841 et
1013 2787 1107 2842 atten-

154 2878 257 2938 dentis.
299 2880 380 2938 Deus
400 2879 525 2938 animam
539 2899 632 2939 meam
646 2879 763 2952 excitat,
779 2879 831 2938 illa
845 2882 984 2956 tanquam
998 2881 1107 2940 instru-

155 2982 251 3037 mento
271 2983 362 3051 utone,
379 2999 416 3038 ex
430 2999 488 3056 quo
508 2979 571 3038 hoeo
585 2982 614 3038 et
628 2979 679 3038 illa
696 2978 793 3051 motio,
809 2979 871 3055 ipso
886 2979 947 3039 Deo
962 2985 1106 3052 movente,

154 3073 278 3132 elicitur.
321 3074 377 3145 Sic,
393 3093 421 3134 v.
434 3095 471 3150 g,
487 3074 630 3152 perceptio
641 3078 684 3134 est
698 3080 784 3134 actus
790 3075 905 3134 elicitus
918 3075 1086 3146 intellectis
1098 3098 1106 3134 ε

155 3193 221 3233 cnm
234 3193 301 3233 vero
315 3174 395 3233 Deus
408 3175 475 3234 vult
487 3179 522 3233 ut
535 3174 680 3251 objectum
700 3174 769 3234 fidei
785 3174 951 3252 percipiam,
972 3174 1105 3237 intellec·

44 3321 50 3330 .
155 3278 219 3332 tum
233 3293 329 3333 meum
343 3274 385 3334 ita
399 3279 505 3346 movet,
520 3279 555 3334 ut
569 3275 709 3350 perhanc
725 3274 879 3334 motionem
894 3280 975 3334 actus
988 3296 1104 3354 percep·

156 3373 242 3432 tionis
255 3373 287 3433 in
296 3394 343 3434 mc
357 3373 419 3434 sine
430 3395 476 3434 me
489 3374 630 3434 eliciatur.
672 3375 731 3433 Hic
745 3378 827 3434 actus
840 3375 962 3454 physice
973 3375 1005 3434 in
1019 3397 1066 3436 me
1076 3381 1106 3436 et

63 3485 64 3488 ’
156 3492 233 3532 ame
247 3473 381 3552 (sednon
395 3494 446 3551 per
459 3493 513 3546 me,
529 3475 609 3533 Deus
622 3473 699 3534 enim
716 3473 795 3534 solus
815 3479 963 3552 operatur)
978 3476 1101 3549 elicitus,

157 3576 201 3632 est
222 3573 330 3633 donum
350 3573 520 3650 gratuitum,
537 3575 627 3634 aDeo
649 3573 759 3647 datum,
783 3573 948 3636 ordinatum
962 3576 1103 3638 advitam

158 3675 295 3733 aeternam
309 3693 316 3734 ι
332 3694 398 3752 ergo
411 3675 504 3752 gratia
517 3677 569 3734 est.
