2424 4300
156 455 214 498 112
519 426 575 490 De
589 422 720 489 Gratia.
944 420 1046 506 [nrsr.
1063 439 1110 483 ιν.

193 601 265 661 ’27.
287 597 351 657 Has
370 596 438 654 lites
458 610 626 669 componere
644 609 743 648 meum
760 589 886 660 nonest,
906 605 961 646 nco
981 604 1109 663 possum.
1158 643 1163 654 ,

153 701 219 759 Duo
232 701 346 758 tantum
361 694 435 754 mihi
455 694 596 752 ooourunt
614 689 763 750 dicanda·
790 689 830 747 10.
854 687 962 747 Omnes
982 687 1112 762 theologi

155 798 293 877 (demptis
303 794 403 874 paucis
413 792 554 870 antiquis)
563 791 595 850 in
604 789 730 867 generali
738 787 934 865 propositione
943 787 1113 846 affirmanda

155 895 340 966 conveniunt,
361 891 551 971 quantumvis
567 891 600 950 in
622 909 657 948 ea
674 887 833 947 enarranda
852 886 931 948 iuter
951 905 982 946 se
1000 886 1111 945 dissen-

155 998 238 1056 tiant.
279 994 320 1054 2⁰.
346 994 378 1054 Si
399 993 477 1053 inter
498 989 656 1050 sententias
679 987 750 1048 istas
771 986 940 1063 eligendum
963 988 1050 1059 esset,
1075 985 1113 1044 ad

157 1095 329 1157 sententiam
357 1094 497 1153 Suanszn
523 1090 615 1166 magis
642 1087 826 1158 inclinarem
862 1090 920 1146 tum
948 1085 1028 1163 quia,
1058 1085 1112 1146 etsi

158 1194 377 1256 difficultatibus
390 1211 448 1250 non
463 1193 565 1261 careat,
581 1187 743 1246 minoribus
756 1189 854 1245 tamen
868 1185 1012 1262 premitur
1024 1204 1033 1252 ς
1055 1190 1113 1244 tum
1202 1187 1203 1268 l

159 1294 236 1372 quia,
253 1296 282 1352 et
295 1292 327 1350 id
340 1291 475 1359 maxime,
490 1290 584 1347 multo
599 1285 777 1346 communior
792 1290 845 1345 est.

197 1397 245 1454 28.
271 1392 367 1462 Queri
378 1391 426 1450 hic
434 1394 530 1469 potest
540 1389 580 1461 10,
593 1391 694 1446 utrum
701 1384 858 1463 propositio
871 1384 1114 1462 sequensintelli·

157 1494 251 1570 gendo
275 1492 314 1552 sit
338 1492 373 1550 dc
401 1489 526 1565 singulis
553 1487 764 1548 tentationibus
790 1505 841 1562 per
869 1504 899 1544 sa
926 1488 957 1544 et
984 1504 1115 1546 seorsum

157 1591 289 1670 sumptis,
306 1611 342 1650 an
357 1591 392 1650 de
406 1589 509 1648 iisdem
523 1585 683 1659 collective,
699 1589 734 1644 ut
746 1585 779 1644 in
799 1583 920 1644 materia
940 1585 977 1644 de
990 1584 1114 1644 veniali-

158 1695 220 1762 bus,
236 1693 264 1751 d.
286 1696 312 1762 5,
328 1711 356 1750 n.
375 1687 434 1748 10?
472 1689 559 1763 Rcap.
582 1686 779 1761 Intelligenda
798 1694 843 1744 est
863 1685 899 1743 dc
918 1683 1045 1761 singulis
1065 1704 1116 1762 per

159 1812 189 1852 se
202 1814 209 1866 ;
230 1793 301 1851 adeo
314 1794 349 1850 ut
361 1791 438 1850 vires
451 1787 597 1848 naturales
610 1805 669 1845 non
683 1786 831 1846 sufficiunt
844 1785 881 1844 ad
901 1803 1117 1862 quamcumque

159 1891 350 1953 tentationem
375 1908 491 1965 gravem
518 1887 719 1965 superandam,
742 1886 798 1944 etsi
819 1904 881 1946 eam
905 1884 964 1944 alia
992 1886 1118 1946 tentatio

161 1990 267 2069 gravis,
284 1991 344 2049 siva
364 1990 389 2067 ej
394 1981 495 2048 usdem
509 1987 570 2046 sive
584 1987 705 2046 diversa
719 1984 833 2063 speciei,
848 2003 906 2044 non
920 1985 1117 2046 antecesserit.

163 2091 196 2151 Si
208 2109 276 2150 vero
289 2070 389 2167 plures
403 2088 462 2148 sint
472 2086 647 2148 tentationes
661 2085 717 2144 alia
729 2091 795 2163 post
809 2083 964 2158 aliam,aut
976 2084 1003 2144 si
1017 2085 1118 2146 eadem

162 2190 286 2250 tentatio
300 2188 481 2248 sollicitando
495 2187 588 2261 duret,
606 2205 670 2264 quae
684 2189 754 2245 tunc
767 2185 853 2263 plane
872 2185 1011 2262 pluribus
1023 2187 1117 2264 asqui-

162 2289 250 2364 rolet,
266 2293 388 2365 augetur
401 2286 583 2365 impotentia.
616 2285 696 2346 Hinc
705 2304 781 2362 saepa
794 2285 828 2344 fit
841 2289 884 2358 ut,
897 2284 950 2362 qui
961 2286 1119 2346 tentationi

163 2389 398 2474 acri-insurgenti
412 2389 519 2448 orando
539 2387 658 2461 resistit,
673 2391 773 2466 postea
791 2387 949 2448 orationem
969 2386 1119 2448 intermit-

163 2494 227 2550 tens
240 2488 347 2549 infelix
359 2488 535 2565 prolabatur.

205 2591 276 2649 ³29.
303 2589 446 2659 Queritur
467 2589 511 2648 2⁰.
533 2588 590 2659 dn,
605 2590 711 2664 praeter
734 2586 844 2667 auxilia
864 2586 998 2659 aotualia,
1020 2607 1121 2650 neces·

165 2689 240 2750 saria
260 2688 300 2748 sit
319 2688 407 2748 etiam
420 2689 516 2764 gratia
528 2687 688 2746 habitualis
709 2688 745 2746 ad
763 2686 919 2746 vincendas
936 2707 1040 2763 graves
1054 2693 1121 2748 ten-

164 2787 317 2850 tationes?
371 2790 454 2864 Roap.
489 2788 528 2847 10.
558 2788 676 2847 Certum
703 2792 747 2846 est
773 2807 831 2846 non
857 2787 968 2864 requiri
994 2789 1122 2865 gratiam

164 2888 341 2948 habitualem
362 2888 399 2946 ad
420 2907 654 2965 unamquamque
673 2907 790 2962 gravem
808 2887 855 2946 vel
874 2887 963 2948 etiam
983 2889 1121 2964 gravissi·
1201 2947 1202 2970 ,

165 3007 242 3046 mam
256 2987 446 3046 tentationem
460 2988 660 3064 superandam.
692 2987 845 3065 Alioquin,
860 2987 884 3045 si
899 2987 965 3064 quis
978 2987 1123 3048 incideret

165 3086 196 3144 in
206 3085 335 3158 mortale,
344 3087 374 3144 et
383 3084 417 3157 si,
425 3085 525 3144 eadem
533 3087 604 3144 hora
612 3091 663 3149 aut
671 3090 736 3164 post
745 3087 944 3146 multashcras
952 3087 1054 3147 eodem
1064 3089 1121 3161 die,

165 3187 272 3248 iterum
286 3183 412 3261 graviter
425 3185 564 3256 tentetur,
582 3204 640 3244 non
653 3186 761 3262 poterit
782 3185 914 3246 resistere
935 3205 987 3263 per
1005 3187 1124 3248 auxilia

166 3284 292 3346 actualia
302 3283 407 3342 orando
418 3287 591 3360 comparata,
602 3285 660 3344 nisi
673 3285 784 3346 interea
794 3286 841 3346 vel
853 3305 906 3363 per
919 3286 1124 3346 contritionem

166 3387 214 3445 rel
234 3405 286 3463 per
307 3385 518 3444 sacramentum
538 3384 725 3461 poenitentiae
744 3385 892 3463 justitiam
914 3391 1122 3463 recuperasset.

167 3488 211 3548 20.
236 3487 305 3548 Sola
318 3505 385 3563 ergo
399 3485 521 3563 questio
535 3491 587 3560 est,
604 3505 641 3545 an
654 3486 710 3547 ista
722 3490 855 3565 peccator
874 3488 965 3564 possit
977 3489 1030 3547 diu
1043 3488 1123 3565 ejus·

167 3586 246 3646 morli
272 3585 448 3646 tentationes
469 3605 611 3664 superare,
635 3605 685 3647 seu
703 3606 741 3646 an
761 3587 853 3664 possit
875 3587 928 3647 diu
950 3607 1068 3648 manare
1092 3589 1125 3647 in

168 3689 246 3745 statu
272 3685 384 3762 peccati
408 3685 470 3745 sine
491 3705 566 3746 novo
588 3689 704 3763 peccato
725 3686 858 3748 actuali?
897 3687 1124 3765 Aquibusdam
