2408 4304
583 393 599 445 5

113 545 325 606 absolutionem
354 544 471 604 differat
496 544 545 604 vel
573 545 784 622 impertiatur.''
818 545 870 605 Δ30.
895 545 935 605 Ilt
961 544 1069 622 optime

112 643 234 721 subjicit
249 664 289 704 :-
302 649 321 678 ‘¹
330 645 411 704 Baro
428 648 501 722 puto
521 644 711 705 differendam
726 665 787 705 esse
801 645 1010 704 absolutionem
1023 663 1068 702 re·

112 743 210 802 cidivo
223 743 398 803 sufficienter
414 743 553 821 disposito
575 763 626 821 per
645 744 761 820 signum
775 742 1037 804 extraordinarium
1059 785 1065 801 .

113 889 123 905 .
147 885 155 908 .
178 846 272 920 ,quia
286 843 318 902 in
337 844 392 902 tali
409 844 570 920 poenitente
585 844 678 920 magis
697 845 872 921 sperandum
885 844 1068 922 profuturam

112 942 177 1002 fore
190 943 314 1018 gratiam
327 943 500 1003 sacramenti
514 962 601 1019 quam
612 943 781 1003 dilationem
795 941 1014 1002 absolutionis.”

157 1043 201 1104 17.
223 1043 360 1118 Spectata
372 1042 456 1100 firme
468 1045 499 1100 at
512 1043 626 1101 ardenti
640 1041 697 1100 fide
708 1042 891 1119 popularium
905 1047 1068 1100 nostrorum

114 1140 285 1218 Hiberniae3
307 1144 434 1217 spectato
455 1159 567 1200 summo
581 1141 719 1218 obsequio
733 1147 763 1200 et
776 1161 871 1201 amore
890 1160 949 1219 quo
969 1140 1068 1200 Eccle-

114 1238 188 1298 siam
212 1243 243 1300 et
262 1240 409 1300 ministros
433 1240 496 1318 ejus
517 1245 751 1318 prosequentum
781 1241 920 1318 spectatis
943 1244 973 1300 et
993 1239 1067 1311 aliis,

114 1356 181 1414 quae
205 1339 254 1398 hic
277 1339 479 1416 praetermitto,
500 1359 560 1400 non
579 1341 653 1399 levis
674 1341 830 1413 momenti3
851 1359 960 1412 censeo,
983 1358 1021 1398 an
1037 1338 1070 1396 in

113 1436 170 1496 hac
183 1438 300 1513 regione
319 1437 441 1498 recidivi
454 1438 542 1498 toties
560 1439 675 1517 quoties
696 1440 807 1498 absolvi
824 1439 937 1514 possint
954 1437 1068 1514 regula·

113 1534 195 1608 riter,
216 1540 313 1596 totum
326 1537 374 1596 vel
393 1537 453 1598 fere
466 1541 561 1597 totum
581 1557 618 1596 ex
632 1537 753 1598 scientia
766 1541 796 1597 et
809 1537 871 1596 zelo
885 1543 915 1596 et
928 1537 1070 1596 charitate

114 1635 281 1695 confessarii
293 1635 427 1713 pendere,
443 1641 473 1695 et
486 1635 517 1694 in
532 1656 621 1696 manu
635 1637 700 1714 ejus
714 1657 783 1696 esse.
825 1637 861 1696 V.
877 1657 907 1713 g.
928 1654 1069 1695 611611116-

112 1733 224 1794 tatione
250 1734 347 1795 Patris
369 1735 541 1808 Hsmuera,
570 1755 659 1813 quam
681 1753 741 1796 suae
765 1735 888 1796 editioni
909 1735 1065 1810 theologias

114 1832 145 1892 S.
161 1833 199 1893 A.
220 1837 285 1910 post
298 1853 328 1893 n.
350 1839 408 1892 464
428 1834 571 1912 apposuit,
597 1838 679 1912 patet
703 1855 791 1912 quam
812 1835 871 1894 late
890 1834 1066 1893 horrendum

113 1931 191 1991 illud
216 1933 311 1992 scelus
336 1933 521 2010 blasphemie
548 1934 580 1992 iu
608 1935 673 1994 aliis
699 1935 872 2012 quibusdam
899 1932 1066 2009 regionibus

114 2037 277 2107 grassetur:
303 2034 382 2108 quod
401 2037 501 2093 tamen
520 2035 553 2094 in
572 2035 627 2094 hec
647 2039 745 2094 nostra
765 2034 863 2094 insula
881 2051 999 2112 prorsus
1021 2031 1067 2092 in·

115 2130 249 2190 auditum
263 2136 292 2190 et
305 2133 439 2208 ignotum
452 2139 504 2194 est.

158 2231 203 2288 18.
226 2231 329 2308 Capita
342 2232 404 2292 haec
425 2238 495 2292 sunt
507 2234 698 2294 enarrationis
711 2233 851 2294 doctrinae
865 2253 953 2311 quam
965 2232 1001 2292 de
1013 2231 1068 2290 hac

114 2329 245 2404 materia,
267 2337 410 2409 quantum
430 2337 494 2412 jam
515 2334 654 2394 memoria
673 2339 766 2406 teneo,
789 2337 842 2393 hos
855 2335 934 2393 ultra
947 2333 1070 2408 triginta

114 2446 214 2501 annos,
229 2430 305 2489 datis
318 2433 525 2504 occasionibus,
544 2433 575 2492 in
587 2432 682 2492 schola
693 2452 758 2492 mea
771 2437 936 2492 constanter
950 2431 1067 2490 tradidi.

156 2529 203 2588 19.
225 2529 324 2590 Romae
345 2551 391 2590 an.
410 2533 485 2590 1766
505 2532 616 2591 editum
637 2535 682 2590 est
702 2531 875 2608 opusculum
896 2529 1069 2606 inscriptum

116 2626 345 2688 “confessarius
358 2630 508 2701 recidivi,''
521 2633 571 2692 dcc.
581 2636 698 2690 auctore
709 2631 745 2689 R.
756 2631 788 2699 P,
798 2633 971 2688 Annasuoor
985 2629 1014 2688 S.
1025 2629 1044 2688 J
1045 2649 1067 2688 .:

115 2727 193 2803 quod
213 2727 320 2788 iterum
340 2729 447 2789 ibidem
468 2731 614 2790 recentius
637 2731 696 2807 (an.
714 2732 805 2808 1844)
830 2731 942 2790 editum
961 2733 1014 2801 est,
1036 2729 1069 2788 in

115 2826 284 2902 Appendice
304 2828 340 2886 ad
361 2828 523 2888 Medullum
538 2831 573 2887 R.
590 2831 624 2888 P.
639 2831 834 2900 Busnuasun,
857 2848 895 2888 ex
908 2827 987 2904 typis
1000 2828 1065 2887 Sao.

116 2929 257 3003 congreg.
278 2927 314 2987 de
336 2928 525 3005 Propaganda
537 2928 621 2996 Fide.
663 2929 795 3004 Dignum
815 2933 859 2988 est
873 2928 928 2986 hoo
947 2946 1067 2986 aureum

115 3027 290 3103 opusculum
310 3027 386 3104 quod
410 3027 538 3087 interum
561 3028 748 3104 interumque
768 3027 922 3104 diligenter
941 3026 1064 3103 legatur.

116 3126 173 3188 Sed
187 3126 244 3186 dno
254 3131 323 3186 suut
336 3127 509 3186 documenta
522 3145 641 3186 summac
655 3131 685 3186 et
697 3127 862 3186 infallibilis
874 3113 1066 3198 auctoritatis,

115 3246 153 3288 ex
167 3227 275 3304 quibus
287 3229 336 3289 hic
350 3229 482 3306 quoedam
495 3228 647 3306 proferam.

155 3331 203 3387 20.
216 3327 255 3386 Iu
263 3327 376 3386 Rituali
386 3329 514 3388 Romano
521 3329 584 3388 haec
591 3329 737 3388 habentur
746 3326 929 3386 2-“Videat
939 3325 1063 3402 diligen·

116 3428 162 3485 tar
175 3427 304 3485 sacerdos
317 3427 433 3503 quaudo
444 3438 474 3486 et
488 3427 593 3504 quibus
606 3426 786 3498 conferenda,
802 3425 851 3484 vel
863 3425 1004 3500 neganda,
1020 3425 1068 3484 vel

116 3523 276 3584 differenda
289 3525 328 3585 sit
341 3525 493 3599 absolutio,
509 3545 547 3586 ne
567 3526 697 3586 absolvat
710 3544 766 3599 eos,
787 3525 841 3602 qui
854 3523 921 3584 talis
935 3523 1068 3584 beneficii

117 3626 186 3684 sunt
195 3623 362 3702 incapaces:
380 3625 474 3702 quales
487 3629 557 3686 suut
567 3625 619 3703 qui
629 3624 785 3684 colludant
796 3623 1004 3703 signadoloris‚
1016 3623 1067 3700 qui
