2410 4314
60 443 161 488 mse.
179 424 236 508 rr]
280 421 336 485 De
349 420 499 486 Stolidus
513 422 685 488 Humane
698 423 851 488 Nasum.
989 445 1030 503 49
1105 476 1107 480 .

60 589 258 668 expositione
278 589 457 665 interposita,
473 589 625 650 sententia
649 588 737 649 Sors.
754 595 784 647 et
806 587 896 647 Sasu.
921 588 964 664 (n.
982 593 1028 658 89,

67 691 130 767 90)
147 690 245 748 forsan
258 687 337 748 iuter
350 707 380 746 se
395 687 542 747 conciliari
556 688 676 766 possint.

110 790 163 850 97.
188 788 290 866 oquae.
311 794 339 848 4.
362 788 517 866 Repugnat
530 793 632 861 status,
649 789 680 847 in
694 807 751 866 quo
765 806 822 846 uon
836 790 932 864 potest
952 806 1029 845 orea-

60 895 141 950 tura
168 887 319 948 rationalis
347 887 469 966 diligere
492 889 590 947 Deum
612 908 699 966 super
721 886 828 946 omnia.
878 887 975 946 Homo
998 886 1029 946 iu

67 991 185 1048 natura
197 1007 271 1066 pura
283 1006 342 1046 non
355 991 450 1064 posset
463 987 505 1046 ita
518 988 639 1063 diligere
654 989 758 1047 Deum.

111 1092 162 1148 98.
184 1089 267 1164 Reap.
291 1087 332 1146 1⁰.
353 1087 511 1164 Distinguo
525 1089 682 1166 majorem:
705 1087 811 1146 Amore
831 1090 884 1145 aut
902 1085 1032 1145 naturali

64 1191 125 1248 aut
140 1185 374 1264 supernaturali:
397 1186 545 1248 Conoedo:
561 1188 668 1246 Amore
682 1185 916 1263 supernaturali:
939 1187 1038 1262 Nego..

66 1287 117 1348 20.
138 1285 296 1363 Distinguo
315 1287 473 1348 minorem:
497 1288 606 1346 Amore
627 1285 856 1363 supemeturali:
879 1286 1028 1346 Concedo:

65 1389 182 1446 Amore
208 1385 353 1446 naturali:
389 1386 481 1462 Nego.
530 1387 618 1446 Posse
644 1385 790 1444 hominem
811 1385 901 1444 istum
928 1385 1031 1445 elieere

67 1489 174 1546 actum
188 1486 293 1544 amoris
308 1485 363 1544 Dei
376 1505 441 1562 quae
462 1485 586 1564 simplex
607 1485 817 1562 complacentia
837 1489 881 1544 est
895 1489 925 1544 et
938 1486 1030 1544 ineffi-

68 1605 133 1644 cax
146 1584 293 1644 anemius
306 1592 441 1661 negatur.
481 1585 582 1645 Posset
602 1590 701 1644 autem
717 1585 804 1644 etiam
817 1583 921 1644 elicere
934 1588 1032 1645 aetum

68 1684 179 1746 amoris
192 1683 249 1746 Dei
261 1690 378 1762 propter
391 1704 421 1744 se
442 1687 472 1744 et
485 1704 571 1762 super
584 1684 681 1744 omnia
700 1683 809 1756 dileeti,
824 1684 874 1745 ie.
889 1683 1031 1760 appretia-

68 1784 137 1844 tive
153 1783 268 1856 summi,
284 1787 314 1844 et
326 1783 391 1846 ideo
404 1783 454 1844 hio
472 1788 502 1845 et
521 1803 602 1844 nuno
622 1784 743 1844 effioaois
762 1784 799 1843 ad
819 1783 1032 1843 excludendum

68 1903 158 1944 omne
184 1887 335 1961 peecatum
364 1903 461 1961 grave.
516 1883 572 1944 Sed
594 1888 703 1962 quanta
726 1887 757 1943 et
783 1882 879 1961 qualis
905 1882 944 1942 sit
969 1883 1032 1942 haeo

68 1987 200 2062 potestas
213 1987 243 2044 et
256 2003 407 2062 quousque
419 1986 518 2062 pateat
532 1983 653 2064 quoestio
667 1988 712 2044 est
724 1983 858 2056 difficilis,
875 1986 906 2043 ot
919 2003 936 2041 a
949 1983 1032 2042 nullo

71 2102 162 2162 quem
184 2082 247 2142 vidi
269 2088 385 2144 auotore
406 2083 482 2144 olare
505 2088 535 2144 et
557 2082 714 2144 decretorio
733 2083 817 2143 modo
837 2083 946 2142 decisa:
968 2082 1029 2142 rid.

73 2183 221 2244 Sanusne.
237 2182 265 2242 d.
281 2187 308 2254 2,
325 2183 395 2244 dub.
410 2188 427 2242 3
442 2202 494 2262 per
506 2187 609 2244 totum.
650 2182 753 2242 Nostri
766 2201 825 2242 non
838 2185 882 2242 est
894 2202 958 2241 eam
972 2181 1028 2255 hio,

72 2281 133 2342 nisi
145 2285 290 2359 quatenus
308 2283 438 2360 postulat
451 2281 620 2360 objectionis
640 2281 756 2355 solutio,
773 2285 918 2342 excutere.
958 2281 1032 2341 Dico

73 2381 168 2458 igitur
188 2381 325 2455 breviter,
341 2383 501 2442 seeundum
524 2374 702 2462 prinoipium
722 2382 785 2460 jam
809 2382 921 2456 datum,
936 2401 964 2440 n
979 2386 1029 2454 92,

75 2485 138 2554 &o.,
149 2482 196 2542 vel
208 2501 291 2560 posse
305 2483 450 2542 hominem
463 2482 553 2542 istum
566 2503 691 2543 amorem
705 2483 847 2542 effioaoem
860 2502 1029 2560 permanen·

74 2587 123 2642 ter
144 2581 248 2642 habere
271 2601 309 2642 ex
333 2582 421 2642 meris
443 2582 556 2642 viribus
579 2587 701 2655 naturae,
715 2582 763 2641 vel
785 2601 845 2640 non
865 2601 955 2659 posse.
998 2581 1030 2641 si

73 2686 179 2760 posset,
194 2681 292 2741 statim
309 2682 370 2742 ruit
386 2682 521 2759 objectio.
563 2683 595 2742 Si
615 2702 673 2741 non
692 2685 789 2760 posset
809 2681 900 2759 (quod
914 2679 1030 2740 omnino

74 2800 176 2840 rerum
195 2799 257 2842 esse
277 2781 402 2860 censeo),
417 2785 496 2854 tuno,
512 2801 550 2841 ex
570 2781 682 2842 viribus
700 2801 772 2858 quas
791 2781 879 2841 habet
898 2779 1030 2858 proxime
1120 2843 1134 2869 ⁶

75 2879 284 2942 sufficientibus
305 2881 342 2940 ad
363 2882 511 2953 orandum,
528 2885 624 2958 potest
647 2901 664 2940 a
685 2881 747 2939 Deo
769 2879 898 2941 obtinere
918 2879 1031 2940 auxilia

76 2979 247 3042 sufficieutia
260 2981 405 3040 naturalia
418 2981 455 3040 ad
468 3000 540 3058 opus
552 2980 627 3040 illud
639 2981 842 3058 prestandum.

117 3085 161 3141 99.
181 3080 285 3158 Neque
298 3080 389 3140 ullius
402 3081 543 3140 momenti
563 3083 608 3142 est
627 3080 706 3158 quod
726 3079 847 3157 Urpotor
861 3083 888 3153 1,
904 3099 921 3139 a
935 3080 1029 3139 Bsurr

76 3180 234 3258 (Additum,
249 3179 270 3240 l.
289 3183 335 3252 12,
349 3200 374 3240 e.
389 3181 434 3260 2.)
467 3179 594 3240 Dilectio
608 3181 664 3240 Dei
679 3185 699 3214 “
708 3179 799 3240 vitum
812 3183 948 3240 aeternam
963 3200 1028 3256 pro-

76 3286 241 3356 mereretur,
253 3280 323 3360 quia
336 3285 367 3342 et
379 3282 460 3342 Deus
473 3281 571 3359 diligit
581 3281 736 3358 diligentes
749 3301 787 3354 se,
798 3284 828 3342 et
841 3281 1030 3358 diligentibus

76 3403 107 3442 se
120 3383 277 3442 mercedem
290 3383 365 3443 hano
377 3381 571 3459 repromisit.'’

119 3487 183 3544 100.
203 3483 289 3560 Roap.
316 3483 491 3560 Distinguo:
513 3484 551 3542 Iu
565 3482 701 3562 praesenti
714 3485 793 3541 statu
807 3480 1028 3559 supernaturali,

77 3586 108 3644 in
121 3603 176 3660 quo
189 3603 268 3644 amor
282 3603 344 3644 esse
357 3583 443 3643 debet
456 3582 692 3662 supernaturalis,
705 3584 784 3642 Deus
798 3580 987 3658 diligentibus
1000 3599 1031 3639 se

78 3684 167 3746 uitam
174 3686 322 3757 eternam,
330 3701 395 3763 quae
403 3682 435 3743 iu
443 3683 554 3744 risione
562 3683 695 3742 beatifioa
704 3682 838 3758 habetur,
850 3679 1030 3760 repromisit:

539 3787 558 3841 4
