2432 4294
154 381 212 442 162
524 379 578 442 De
596 377 727 443 Gratata
944 379 1045 464 [nrsr.
1061 404 1106 447 vr.

147 548 255 606 audiat.
296 544 371 602 Aliae
385 543 634 620 interpretationes
654 545 790 604 versiculi
805 551 821 603 3
837 549 866 604 et
881 551 907 616 4,
925 566 990 624 quae
1004 553 1104 608 tamen

147 665 254 718 omnes,
265 644 342 721 quod
356 643 392 701 ad
406 663 520 702 sensum
532 643 726 720 dogmaticum
736 644 850 718 attinet,
860 646 962 705 'eodem
969 648 1103 714 redeunt,

146 747 205 804 vid.
221 746 300 823 apud
313 745 453 804 Minoes.
468 744 499 802 in
513 745 566 803 loc.

196 850 243 905 18.
274 847 486 904 Anounnnrun
508 845 552 902 II.
587 851 604 877 ‘⁴
617 846 654 903 Iu
684 846 837 922 praeteritis
867 847 1105 922 generationibus

147 947 258 1006 dimisit
279 965 376 1004 omnes
397 949 497 1020 gentes
520 944 632 1020 ingredi
655 945 717 1003 rias
744 965 831 1004 suas:
855 947 1023 1024 etquidem
1044 967 1104 1006 non

148 1047 210 1106 sinc
223 1045 387 1106 testimonio
408 1045 592 1120 semetipsum
613 1045 741 1122 reliquit,
760 1045 941 1106 benefaciens
963 1047 997 1106 d'e
1016 1047 1100 1120 ooelo,

146 1148 217 1206 dans
231 1147 343 1225 pluvias
357 1149 386 1205 et
400 1149 530 1223 tempora
553 1145 712 1218 fructifera,
737 1147 861 1224 implens
876 1147 939 1207 cibo
954 1152 984 1207 et
996 1149 1103 1208 laetitia

147 1247 369 1308 cordanostra.'’
390 1249 455 1307 Act.
471 1248 532 1307 xiv.
546 1252 590 1320 15,
608 1253 652 1306 16.
694 1249 759 1306 Etsi
770 1251 855 1321 Deus,
867 1269 926 1308 non
936 1249 1102 1326 elargiendo

147 1349 253 1426 gratias
267 1350 331 1408 illas
353 1350 455 1408 uberes
476 1369 548 1426 quas
570 1349 707 1408 Ecclesiae
722 1351 829 1409 Christi
848 1351 982 1424 servavit,
999 1357 1102 1427 gentes

146 1455 277 1531 permisit
300 1474 361 1513 sese
384 1453 415 1512 in
437 1455 612 1531 profundum
633 1454 735 1513 erroris
749 1455 889 1530 conjicere
904 1456 940 1532 (“
951 1456 1067 1532 ingredi
1082 1457 1100 1486 '’

145 1555 165 1614 i.
178 1575 202 1614 c.
218 1575 268 1612 sno
282 1553 397 1630 proprio
410 1560 492 1612 motu
506 1553 626 1628 libero);
649 1554 729 1612 dedit
738 1557 835 1612 tamen
844 1555 904 1612 illis
913 1555 995 1630 signa
1004 1556 1099 1632 plura,

145 1655 222 1714 clara
241 1659 271 1714 et
284 1653 422 1714 continua
444 1673 502 1712 snae
525 1672 643 1712 summae
664 1654 811 1730 potentiae,
827 1654 984 1731 sapientiae,
1001 1655 1101 1742 provi:

146 1753 252 1812 dentiae
262 1759 291 1812 et
304 1752 501 1828 benignitatis.
544 1753 603 1810 Illa
623 1753 700 1810 enim
720 1754 858 1812 beneficia
878 1758 938 1811 tam
952 1774 1058 1830 magna
1071 1763 1102 1814 et

145 1853 320 1912 universalia
341 1856 372 1910 et
394 1856 534 1928 perpetua
555 1852 671 1910 nonnisi
695 1873 711 1911 a
735 1872 822 1912 causa
841 1853 957 1912 infinite
970 1857 1098 1930 potente,

147 1953 285 2028 sapiente,
302 1953 471 2029 providente
486 1958 515 2011 et
528 1953 653 2028 benigna
676 1953 828 2028 provenire
849 1958 979 2028 possunt.
1020 1955 1101 2014 Bene

146 2073 213 2128 ergo
224 2073 261 2111 ex
275 2053 321 2110 his
336 2072 500 2128 comparare
521 2055 679 2129 potuerunt
697 2053 831 2112 notitiam
845 2053 901 2112 Dei
925 2058 955 2112 et
976 2055 1099 2113 attribu-

145 2156 240 2210 torum
255 2154 327 2228 ejus.
371 2156 390 2185 “
402 2153 478 2212 Sunt
492 2156 589 2211 autem
600 2152 764 2230 philosophi
787 2200 793 2213 .
816 2198 822 2212 .
845 2200 852 2214 .
876 2201 883 2214 .
906 2154 957 2231 qui
972 2156 1100 2213 Deorum

144 2256 241 2310 mente
255 2256 341 2328 atque
356 2251 466 2311 ratione
487 2272 600 2310 omnem
621 2253 762 2311 mundum
782 2252 980 2312 administrari
993 2258 1023 2313 et
1036 2255 1100 2330 regi

144 2361 296 2412 censeant:
319 2373 412 2430 neque
425 2373 492 2412 vero
513 2353 543 2411 id
564 2353 665 2426 solum,
689 2355 738 2413 sed
758 2354 846 2414 etiam
859 2356 895 2414 ab
908 2355 1013 2416 iisdem
1027 2355 1100 2415 vitae

143 2453 295 2512 hominum
319 2454 430 2512 consuli
452 2458 482 2512 et
503 2453 661 2530 provideri:
685 2475 752 2513 nam
777 2459 806 2514 et
827 2457 925 2530 fruges
943 2457 1100 2534 etreliqua

144 2570 209 2628 quae
223 2555 300 2610 terra
313 2553 414 2628 pariat,
438 2557 468 2610 et
492 2555 683 2627 tempestates,
708 2572 741 2610 ac
761 2557 923 2630 temporum
934 2553 1098 2628 varietates,

145 2652 271 2730 coelique
285 2652 469 2723 mutationes,
486 2653 592 2728 quibus
606 2653 702 2712 omnia
718 2673 782 2730 quae
797 2658 874 2714 terra
886 2655 989 2732 gignat
1002 2661 1099 2715 matu·

143 2759 205 2812 rata
218 2755 385 2830 pubescant,
402 2753 496 2811 aDiis
516 2753 728 2814 immortalibus
748 2755 839 2814 tribui
859 2755 960 2832 generi
972 2757 1099 2815 humano

144 2855 279 2932 putant.''
303 2856 417 2927 Orcnno,
434 2855 469 2913 de
483 2855 596 2914 Natura
612 2857 746 2930 Deorum,
763 2857 782 2914 l.
801 2859 827 2929 1,
839 2877 861 2917 c.
874 2863 900 2917 2.

192 2959 238 3014 19.
261 2957 474 3014 Anocnnnrusr
498 2957 560 3014 ΙΙΙ.
604 2957 791 3016 “Revelatur
819 2959 895 3018 enim
917 2959 961 3018 ira
984 2959 1040 3018 Dei
1064 2959 1100 3020 dc

144 3059 225 3131 coelo,
256 3079 342 3136 super
368 3077 481 3118 omnem
504 3059 682 3134 impietatem
701 3066 730 3118 ct
750 3059 925 3138 injustitiam
948 3061 1100 3120 hominum

144 3178 253 3231 eorum,
280 3158 332 3234 qni
354 3158 505 3217 veritatem
528 3159 583 3218 Dei
610 3159 642 3217 in
672 3160 819 3236 injustitia
843 3163 975 3220 detinent
999 3159 1101 3240 [quasi

146 3261 290 3338 captivam
299 3264 429 3320 tenentes
443 3260 594 3320 incarcere
609 3280 658 3320 seu
667 3261 792 3321 vinculis
804 3281 862 3321 suae
873 3262 1099 3342 improbitatis]:

144 3363 213 3439 quia
237 3359 314 3436 qnod
328 3363 430 3417 notum
449 3365 492 3418 est
517 3359 573 3418 Dei
588 3359 708 3439 [notitia
732 3361 787 3420 Dei
810 3381 860 3420 seu
884 3361 962 3438 quod
976 3362 1011 3419 dc
1026 3363 1099 3434 Deo,

142 3461 246 3536 utique
260 3479 311 3536 per
324 3459 465 3518 rationem
479 3463 508 3518 et
521 3459 582 3518 sine
596 3460 779 3534 revelatione,
793 3458 991 3540 cognoscitur]
1006 3461 1100 3519 mani·

144 3564 251 3621 festum
275 3564 319 3619 est
340 3561 461 3618 inillis.
514 3561 680 3620 Invisibilia
704 3563 781 3622 enim
804 3563 895 3640 ipsius
930 3583 946 3620 a
970 3570 1104 3621 ereatura

145 3660 247 3720 mundi
261 3658 313 3739 [ab
327 3660 389 3737 ipso
403 3659 511 3719 mundo
525 3659 662 3737 inspecto,
682 3663 726 3722 vel
740 3663 775 3722 ab
789 3661 873 3722 initio
893 3661 995 3721 mundi
1009 3680 1104 3738 usquo
