2402 4292
43 397 157 483 mer..
175 373 241 460 1x.]
310 371 366 439 Dr
379 371 519 440 Natura
533 375 567 439 rt
586 373 631 440 Vi
645 371 739 440 Grat.
754 374 868 443 Habit.
965 400 1027 468 3¹3

46 546 116 604 est.
154 544 197 603 In
205 542 292 619 lapsu
296 540 372 618 justi
383 539 454 600 dicit
461 539 538 600 idem
549 540 591 617 (n.
603 540 634 618 7)
651 545 671 576 “
681 545 832 619 peccatum
839 545 961 605 mortale
970 565 1030 606 esse

45 641 179 704 naturis
192 641 276 720 prins
289 639 486 701 destructione
499 639 609 716 gratie,
620 660 673 717 per
681 643 798 702 modum
811 663 905 705 causae
914 646 1030 705 moralis

52 738 281 810 demeritoriae;
303 740 468 798 nontamen
478 738 658 818 posmodum
672 756 765 798 ceusae
774 740 898 817 gratiam
911 743 1030 822 physice

54 838 286 902 destruentis.'’

107 941 187 1002 ⁴⁵34.
210 939 356 1012 Quaeritur
370 936 412 998 6⁰.
432 938 483 998 An
495 937 553 998 elia
566 937 654 998 etiam
668 939 743 1000 donc
756 940 843 1000 simul
857 961 924 1002 cnm
937 942 1032 1020 gratia

57 1040 276 1102 sanctificante
293 1040 326 1099 in
350 1039 476 1100 enimam
499 1038 717 1100 infundantur?
766 1041 851 1118 Rorp.
880 1041 921 1102 1⁰.
944 1044 1029 1102 Ceno.

60 1142 155 1204 Trid.
171 1161 241 1202 sess.
256 1145 283 1213 6,
294 1159 363 1218 cap.
381 1141 408 1211 7,
423 1139 486 1200 haec
509 1139 598 1200 habet
608 1143 680 1201 :—“
690 1139 730 1200 In
749 1139 813 1218 ipsa
822 1141 1031 1220 justificatione

63 1263 142 1304 cum
155 1240 324 1302 remissione
337 1240 592 1318 peccatorumhaec
606 1239 702 1300 omnia
715 1239 803 1300 simul
815 1241 912 1302 infusa
925 1242 1032 1320 accipit

63 1346 160 1404 homo
170 1362 223 1420 per
237 1344 341 1403 desum
354 1341 512 1414 Christum,
538 1341 587 1401 cui
609 1341 756 1416 inseritur,
781 1341 878 1415 fidem,
900 1362 980 1419 spem
1001 1349 1031 1403 et

66 1443 277 1507 charitatem.”
318 1444 403 1504 Unde
417 1445 453 1504 de
466 1443 524 1502 fide
544 1463 605 1530 csse
625 1443 743 1504 videtur
755 1443 816 1503 hae
830 1444 887 1504 trie
899 1445 931 1503 in
940 1444 1029 1522 justi·
1120 1432 1121 1436 ¹

65 1549 210 1609 flectione
223 1548 358 1608 infundi:
381 1567 419 1608 an
435 1567 500 1608 vero
514 1548 549 1608 de
563 1547 620 1606 lide
634 1547 673 1607 sit
680 1568 713 1607 ea
723 1547 840 1608 infundi
853 1552 888 1609 ut
900 1549 1027 1622 habitus,

67 1651 135 1711 vid.
158 1670 254 1728 supra,
275 1670 306 1712 n.
330 1651 358 1723 7,
379 1653 409 1710 et
433 1651 557 1723 Sonans,
578 1650 599 1709 l.
614 1655 642 1720 6,
663 1669 688 1709 c.
705 1654 732 1722 8,
747 1669 775 1710 n.
793 1653 839 1711 15.
878 1652 1026 1724 Attamen,

69 1751 211 1829 quoniam
234 1751 266 1810 in
288 1754 437 1829 peccatore
460 1751 550 1824 fideli,
573 1753 662 1811 etiam
675 1753 743 1810 ante
756 1749 874 1810 initium
886 1751 1029 1828 justifica·

70 1851 172 1926 tionis,
188 1851 294 1912 infusae
307 1855 511 1929 permanenter
531 1855 560 1912 et
580 1852 756 1912 inhrerenter
775 1851 938 1912 extiterunt
956 1851 1029 1908 fides

72 1953 105 2008 et
118 1967 183 2026 spes
191 1970 199 2022 ;
220 1952 252 2010 ct
265 1948 403 2026 qnoniam
422 1948 454 2008 in
473 1948 608 2008 omnibus
621 1947 822 2026 peccatoribus
835 1948 872 2007 ad
882 1946 1027 2026 justifica-

72 2049 184 2111 tionem
209 2050 370 2111 habendam
395 2052 431 2111 ut
454 2049 655 2128 dispositiones
674 2049 791 2128 praeviae
812 2049 1002 2129 requiruntur
1019 2074 1028 2122 ς

74 2151 197 2231 planum
223 2156 269 2212 est
293 2151 457 2212 Concilium
483 2171 667 2230 nequaquem
702 2151 828 2212 voluisse
864 2151 1027 2228 significare

75 2253 165 2312 fidem
187 2255 218 2314 et
238 2273 320 2331 spem
341 2252 458 2313 nonnisi
478 2251 511 2312 in
533 2251 597 2330 ipso
620 2250 744 2312 instanti
761 2250 978 2328 justificationis
999 2258 1028 2311 et

77 2351 166 2412 simul
189 2357 319 2431 tempore
346 2373 412 2414 cum
438 2351 579 2412 charitate
605 2351 732 2411 infundi.
772 2351 880 2412 Veram
899 2355 1027 2411 mentem

78 2451 198 2514 concilii
211 2453 284 2513 bene
305 2453 433 2532 explicat
454 2453 577 2524 Susam,
592 2451 614 2510 l.
628 2456 656 2524 8,
672 2469 697 2509 c.
713 2453 762 2522 23,
777 2469 807 2509 n.
826 2453 861 2508 14
874 2454 947 2511 :-“
958 2451 1027 2510 Par-

79 2553 168 2613 ticula
180 2552 265 2612 simul
276 2572 334 2613 non
348 2572 460 2630 semper
479 2552 517 2612 ad
536 2550 673 2628 temporis
693 2548 874 2608 durationem
893 2551 1027 2620 refertur,

80 2654 130 2714 sed
149 2653 294 2714 interdum
319 2653 465 2731 significat
484 2655 602 2714 tentum
624 2650 875 2710 universalitatem
899 2670 951 2710 seu
971 2651 1028 2710 col-

80 2753 229 2815 lectionem
253 2754 403 2836 [exempla
428 2753 538 2832 profert
561 2771 599 2812 ex
628 2749 734 2810 Psalm.
762 2748 826 2810 xiii.
857 2753 892 2824 3;
920 2748 963 2808 lii
991 2755 1026 2821 43

83 2855 271 2916 Ecclesiastio.
296 2854 382 2914 xviii.
401 2858 435 2926 l;
457 2854 542 2913 Rom.
561 2851 600 2912 vi.
627 2849 668 2931 5].
691 2893 698 2910 .
722 2896 730 2912 .
752 2894 759 2910 .
781 2891 790 2910 .
810 2849 924 2910 Deinde
944 2868 1028 2909 mens

84 2959 114 3018 et
126 2956 244 3028 intentio
252 2955 374 3016 concilii
384 2973 443 3014 non
457 2957 520 3014 erat
532 2955 654 3013 tractare
665 2970 701 3010 en
712 2969 789 3008 unus
803 2968 840 3008 ex
850 2947 910 3007 illis
920 2949 1027 3008 habiti·

83 3059 137 3116 bus
149 3057 226 3133 prius
238 3055 410 3114 infundatur
431 3073 519 3132 quam
541 3051 625 3126 alius,
645 3050 696 3110 sed
716 3048 810 3108 solum
829 3049 906 3125 quod
916 3048 1026 3126 justifi-

84 3153 154 3214 catio
169 3175 226 3214 non
248 3152 302 3212 fiat
325 3153 387 3212 sine
406 3151 539 3212 omnibus
558 3150 636 3209 illis:
659 3167 727 3224 ergo
740 3148 795 3206 hoo
808 3147 901 3206 solum
914 3146 1026 3223 signifi·

85 3253 158 3314 cavit
168 3273 218 3331 per
230 3253 313 3314 illem
326 3252 497 3331 particulam
510 3249 623 3310 simul.‘'

122 3354 184 3415 ⁴⁵35.
206 3355 249 3414 2⁰.
275 3355 348 3414 Haec
375 3354 410 3414 de
437 3352 596 3414 virtutibus
622 3345 799 3424 theologicis.
845 3344 929 3415 Quod
956 3363 1025 3405 vero

88 3454 184 3516 attinet
196 3455 233 3514 ad
245 3454 372 3514 virtutes
385 3452 517 3523 morales,
535 3455 555 3486 “
564 3449 718 3509 dicendum
732 3449 777 3506 est
788 3443 926 3523 {omnibns
936 3445 1025 3523 justis

86 3553 194 3614 infundi
207 3557 332 3632 quatuor
344 3553 468 3614 virtutes
482 3549 641 3611 cardinales
661 3567 728 3608 cum
748 3546 881 3606 omnibus
894 3546 1025 3624 partibus

89 3673 135 3716 scu
146 3655 289 3735 speciebus
302 3654 362 3716 eois
373 3654 398 3734 ej
403 3653 502 3714 uadem
515 3650 624 3711 ordinis
638 3667 704 3710 cum
718 3649 780 3726 ipsa
792 3644 895 3724 gratia,
911 3663 944 3705 ec
957 3645 1024 3705 sub·

556 3753 592 3809 15
