2402 4292
149 387 211 466 276
449 379 452 384 ’
515 383 569 444 D'e
594 378 728 445 Gratiis.
905 375 1012 464 [mar.
1030 400 1103 443 vm.

145 547 224 610 tione
236 547 366 606 scientiae
378 545 443 619 Dei,
460 565 548 622 quam
561 547 602 606 sic
615 545 676 621 ipse
689 545 731 622 (d.
745 544 796 620 50)
808 549 924 604 enarrat
936 550 1010 603 :—“
1020 545 1105 622 Trip-

144 647 230 706 licem
244 646 393 705 scientiam
407 648 520 722 oportet
540 645 754 720 distinguamus
774 643 806 702 in
826 645 898 716 Deo,
914 643 975 702 nisi
988 644 1104 720 pericu·

145 747 206 804 lose
220 746 252 804 in
265 746 445 804 concilianda
457 745 595 804 libertate
615 743 728 803 arbitrii
750 743 843 802 nostri
857 747 888 804 et
901 744 1105 818 contingentia

146 863 244 904 rerum
258 864 322 903 cum
338 844 438 903 divina
447 843 628 920 praescientia
640 843 812 902 hallucinari
826 843 964 927 velimus.
1008 845 1105 903 Unam

74 961 78 968 ’
148 943 419 1016 mere‘naturalem,
444 962 509 1020 quae
531 943 652 1020 proinde
675 943 758 1000 nulla
778 942 891 1002 ratione
918 943 1020 1019 potuit
1046 963 1107 1004 esse

148 1041 234 1102 aliter
246 1043 278 1102 in
292 1044 352 1102 Deo
365 1041 476 1122 [supra
489 1062 519 1102 n.
533 1040 577 1121 2],
593 1062 644 1118 per
657 1061 745 1119 quam
758 1041 856 1100 omnia
870 1062 905 1101 ea
917 1043 1056 1118 cognovit
1070 1044 1107 1102 ad

150 1160 216 1220 quae
234 1142 335 1202 divina
347 1143 480 1220 potentia
492 1143 553 1201 sive
562 1142 728 1202 immediate
741 1142 803 1201 sive
816 1142 986 1202 interventu
1003 1163 1104 1203 causa-

148 1260 213 1302 rum
231 1242 418 1302 secundarum
438 1261 499 1302 sese
519 1242 660 1315 extendit,
677 1246 741 1300 tum
755 1243 850 1318 quoad
866 1245 988 1302 naturas
1003 1244 1104 1319 singu·

148 1342 244 1401 lorum
257 1345 287 1400 st
300 1341 513 1419 complexiones
525 1361 623 1401 eorum
632 1342 814 1414 necessarias,
827 1346 894 1402 tum
907 1343 999 1402 etiam
1014 1345 1107 1421 quoad

150 1441 360 1516 contingentes,
374 1461 432 1501 non
441 1441 560 1519 quidem
568 1442 646 1518 quod
657 1441 763 1501 futurae
772 1445 870 1502 essent
882 1443 931 1502 rel
942 1461 1004 1502 non
1012 1447 1107 1504 essent

150 1541 358 1614 determinatas,
374 1542 424 1600 sed
438 1542 515 1618 quod
537 1541 735 1600 indifferenter
754 1562 815 1601 esse
828 1547 858 1602 et
876 1562 936 1602 non
958 1563 1022 1603 esse
1045 1563 1107 1620 pos·

150 1644 223 1713 sent,
239 1642 317 1717 quod
335 1641 377 1700 eis
397 1641 555 1700 necessario
576 1641 723 1717 competit,
749 1645 838 1718 atque
852 1643 922 1702 adeo
936 1645 992 1703 sub
1014 1643 1105 1703 scien-

149 1741 221 1800 tiam
242 1741 300 1801 Dei
323 1743 487 1802 naturalem
508 1741 597 1802 etiam
620 1743 706 1802 cadit.
756 1743 855 1802 Aliam
870 1763 950 1803 mere
972 1745 1104 1816 liberam,

150 1859 206 1918 qua
220 1841 300 1901 Deus
312 1845 378 1918 post
390 1841 516 1902 liberum
540 1846 637 1902 actum
654 1861 714 1903 suae
733 1843 894 1903 voluntatis
908 1845 1020 1921 absque
1034 1846 1107 1921 hyp-

150 1939 228 2000 thesi
241 1944 271 2000 et
285 1941 449 2002 conditione
463 1941 562 2020 aliqua
575 1942 710 2018 cognovit
723 1943 855 2002 absolute
868 1947 899 2002 et
913 1944 1106 2005 determinate

152 2058 190 2099 ex
204 2039 451 2114 complexionibus
465 2041 598 2100 omnibus
608 2041 850 2117 contingentibus,
866 2062 1004 2120 quaenam
1017 2044 1108 2121 reipsa

152 2142 248 2200 essent
260 2140 377 2212 futurae,
392 2159 459 2219 quae
482 2161 541 2202 non
565 2141 646 2202 item.
688 2143 814 2203 Tertiam
835 2144 965 2222 denique
985 2147 1107 2205 mediam

153 2239 311 2314 scientiam,
328 2261 386 2318 qua
406 2261 444 2301 ex
464 2242 605 2302 altissima
617 2247 648 2304 et
661 2243 842 2304 inscrutabili
855 2247 1108 2322 comprehensione

154 2341 296 2418 cujusque
309 2343 394 2402 liberi
418 2343 540 2415 arbitrii,
566 2343 598 2402 in
621 2364 672 2404 sua
692 2345 816 2404 essentia
835 2346 967 2407 intuitus
981 2353 1027 2408 est
1040 2349 1107 2425 quid

152 2460 205 2517 pro
219 2461 272 2500 sua
283 2443 385 2502 innata
398 2442 539 2511 libertate,
554 2443 580 2501 si
593 2442 626 2502 in
638 2445 692 2504 hoc
705 2445 753 2504 vel
765 2445 816 2505 illo
826 2447 875 2506 vel
883 2447 972 2506 etiam
986 2447 1108 2507 infinitis

153 2559 252 2600 rerum
266 2542 415 2600 ordinibus
436 2543 632 2616 collocaretur,
658 2548 791 2603 acturum
814 2550 899 2619 esset,
924 2567 994 2606 cnm
1013 2552 1107 2608 tamen

153 2647 259 2718 posset,
276 2643 301 2702 si
314 2643 413 2716 vellet,
428 2645 522 2704 facere
534 2645 628 2722 reipsa
642 2645 814 2722 oppositum.

202 2750 268 2804 100.
290 2743 518 2804 “sciscitabitur
530 2745 606 2805 forte
620 2746 735 2823 aliquis,
752 2767 788 2806 an
802 2748 971 2826 hujusmodi
991 2751 1108 2812 scientia

155 2846 251 2908 media
264 2845 436 2920 appellanda
444 2845 482 2905 sit
494 2847 585 2905 libera
595 2867 632 2906 an
642 2848 792 2908 naturalis.
823 2851 871 2908 Ad
882 2853 961 2928 quod
969 2852 1002 2912 in
1011 2853 1109 2930 primis
1191 2841 1192 2858 ¹

155 2943 387 3022 respondendum
400 2947 444 3002 est
452 2965 514 3004 eam
524 2946 608 3004 nulla
617 2949 728 3007 ratione
739 2967 798 3008 esre
809 2947 961 3009 dicendam
969 2953 1106 3012 liberam:

155 3052 221 3108 tum
245 3045 314 3122 quia
335 3045 480 3104 antecedit
504 3067 616 3106 omnem
630 3049 755 3108 liberum
773 3055 872 3110 actum
890 3053 1054 3126 voluntatis
1069 3054 1108 3112 di-

156 3146 251 3205 vinas:
274 3149 336 3202 tum
351 3143 439 3201 etiam
453 3145 522 3220 quia
547 3145 579 3204 in
603 3153 747 3224 potestate
761 3151 817 3210 Dei
831 3170 889 3208 non
902 3153 962 3211 fuit
976 3155 1048 3213 scire
1062 3173 1110 3230 per
1191 3143 1192 3158 ³

152 3265 220 3309 ‚eam
235 3243 386 3303 scientiam
400 3243 481 3302 aliud
495 3265 582 3321 quam
602 3245 696 3324 reipsa
717 3249 843 3308 sciverit.
885 3251 1001 3311 Deinde
1016 3253 1109 3312 dicen·

157 3343 228 3404 dum
249 3363 345 3420 neque
367 3343 455 3400 etiam
477 3343 509 3401 in
531 3363 563 3403 eo
588 3365 674 3405 sensu
697 3367 758 3408 esse
784 3351 956 3422 naturalem,
973 3351 1109 3427 quasiita

158 3445 259 3502 innata
273 3441 396 3508 sitDe0,
411 3445 516 3500 utnon
530 3444 658 3520 potuerit
678 3447 750 3506 scire
770 3447 936 3524 oppositum
950 3447 1025 3526 ejus
1036 3448 1108 3526 quod
1191 3475 1192 3524 ρ

157 3562 209 3618 ρετ
222 3561 284 3599 eam
299 3540 453 3614 cognoscit.
496 3541 528 3600 si
541 3562 666 3620 namque
680 3545 802 3604 liberum
816 3547 969 3606 arbitrium
983 3554 1107 3608 creatum
1191 3569 1192 3580 τ

158 3644 290 3699 acturum
299 3635 373 3696 esset
383 3639 556 3714 oppositum,
568 3645 603 3702 ut
613 3661 713 3704 revera
720 3650 823 3722 potest,
835 3645 866 3704 id
874 3646 971 3722 ipsum
980 3648 1106 3707 scivsiset
