2410 4314
184 389 224 472 38
551 384 607 451 De
624 371 756 452 &aaa
975 389 1073 472 [mse.
1092 411 1127 456 11.

182 551 234 628 qui
259 555 303 612 est
325 571 477 629 supremus
510 553 578 611 finis
610 552 733 612 ultimus
766 553 963 612 connaturalis
996 556 1129 632 gratiae.'’

183 652 304 725 Sorano,
320 651 339 712 l.
354 672 379 712 c.
394 671 423 711 n.
439 654 486 711 21.
528 651 670 712 Videatur
693 651 779 724 idem,
802 652 839 712 de
859 651 972 712 Ultimo
994 655 1076 726 Fine,
1093 657 1128 714 D.

184 754 229 824 16,
248 771 270 810 s.
286 757 314 811 2.

220 851 293 912 ⁴⁶69.
322 852 446 928 Urgetur
466 857 493 925 3,
516 871 551 911 ex
574 851 602 910 S.
618 851 736 926 Thema,
755 855 780 910 1.
802 871 831 930 q.
856 857 901 926 12,
918 857 997 912 al:
1026 854 1130 914 “llum

181 952 286 1012 ultima
298 951 423 1011 hominis
435 951 586 1012 beatitudo
600 951 631 1010 in
645 949 786 1010 altissima
806 952 870 1028 ejus
884 952 1052 1029 operatione
1065 973 1129 1014 oon·

132 1100 133 1104 ,
180 1051 273 1126 sistat,
289 1069 355 1130 quae
368 1055 414 1112 est
427 1051 553 1128 operatio
567 1050 751 1125 intellectns;
773 1051 798 1111 si
811 1071 962 1128 nunquam
975 1053 1130 1114 essentiam

179 1150 236 1210 Dei
248 1150 347 1212 videre
359 1155 454 1228 potest
473 1151 642 1212 intellectus
662 1155 783 1224 creatus,
805 1151 853 1211 vel
872 1171 1025 1230 nunquam
1039 1153 1129 1214 beati-

178 1249 310 1309 tudinem
333 1250 484 1324 obtinebit,
510 1251 558 1310 vel
581 1251 612 1310 in
642 1251 699 1310 alio
723 1251 788 1328 ejus
817 1251 968 1311 beatitudo
992 1253 1131 1314 consistet

178 1367 266 1426 quam
287 1348 319 1408 in
342 1351 422 1424 Deo;
447 1351 524 1426 quod
554 1354 599 1410 est
618 1349 747 1410 alienum
772 1371 789 1409 a
811 1351 879 1411 fide.
909 1398 916 1412 .
944 1395 952 1412 .
977 1398 984 1412 .
1014 1399 1021 1412 .
1048 1355 1131 1414 Inest

177 1447 288 1507 homini
301 1447 443 1524 naturale,
454 1449 630 1510 desiderium
650 1450 840 1526 cognoscendi
860 1470 985 1524 causam,
1002 1471 1070 1511 oum
1083 1453 1129 1512 in-

179 1552 277 1608 tuetur
291 1549 446 1620 effectum3
472 1553 502 1610 et
521 1570 559 1609 ex
578 1551 633 1608 hoo
657 1550 810 1609 admiratio
830 1549 861 1609 in
881 1550 1050 1610 hominibus
1064 1573 1129 1612 con·

179 1647 281 1724 surgit.
324 1648 356 1709 Si
369 1649 462 1725 igitur
475 1649 639 1709 intellectus
652 1649 802 1709 rationalis
812 1653 950 1711 creaturae
964 1653 1130 1730 pertingere

179 1766 237 1806 non
260 1749 353 1825 possit
376 1749 412 1808 ad
435 1748 558 1826 primam
581 1767 696 1808 oausam
725 1769 832 1822 rerum,
858 1751 1020 1811 remanebit
1043 1752 1129 1813 inane

112 1893 117 1902 .
179 1849 354 1909 desiderium
373 1847 515 1908 naturae.”
557 1847 672 1908 Similia
692 1849 788 1922 habet,
811 1853 910 1910 contra
930 1851 1049 1924 Gentes,
1065 1853 1085 1912 l.
1100 1859 1126 1925 3,

178 1969 203 2010 o.
217 1953 265 2009 50.
307 1948 427 2028 Duplici
451 1967 518 2024 ergo
541 1947 653 2007 ratione
676 1947 779 2008 existit
801 1948 834 2007 in
856 1949 971 2009 homine
995 1953 1129 2012 naturale

177 2048 352 2109 desiderium
365 2046 484 2108 videndi
497 2049 592 2108 Deum
602 2047 761 2109 intuitive:
780 2046 819 2122 1⁰,
834 2049 904 2126 quia
918 2049 1051 2128 alioquin
1063 2053 1128 2112 bea·

176 2149 334 2224 titudinem
354 2167 413 2208 non
431 2147 560 2220 heberet,
575 2147 623 2208 vel
635 2147 667 2206 in
681 2149 820 2210 creaturis
833 2149 972 2223 haberet3
994 2151 1038 2222 2⁰,
1061 2152 1130 2228 quia

176 2249 352 2322 intellectus,
377 2247 439 2308 viso
463 2247 577 2321 effectu,
599 2237 776 2312 naturaliter
790 2249 935 2310 desiderat
947 2249 1048 2310 videre
1062 2271 1128 2310 can·

176 2370 245 2409 sam.

119 2517 122 2522 Δ
214 2451 288 2510 ⁴⁶70.
320 2449 404 2525 Ecsp.
437 2446 482 2505 Hi
503 2449 604 2506 textus
623 2446 716 2524 primo
737 2451 767 2508 et
787 2447 845 2507 levi
866 2450 972 2510 obtutu
986 2449 1128 2510 doctrinm

175 2553 281 2608 nostrae
295 2567 353 2607 non
367 2547 472 2607 leviter
485 2547 630 2606 adversari
644 2546 789 2621 videntur,
801 2549 850 2608 sed
864 2548 992 2625 penitius
1002 2548 1129 2628 inspecti

175 2649 257 2708 nullo
280 2647 396 2724 negotio
420 2665 487 2706 curn
511 2646 614 2706 ceteris
637 2647 776 2717 textibus,
798 2648 829 2706 in
851 2649 958 2726 quibus
974 2648 1003 2709 S.
1018 2651 1129 2711 Doctor

174 2750 260 2808 istam
275 2747 435 2808 doctrinam
457 2747 533 2806 clare
553 2749 662 2820 tuetur,
678 2747 825 2807 conciliari
838 2753 968 2825 possunt.
1015 2751 1057 2813 10.
1079 2753 1126 2811 Ad

175 2868 321 2907 summurn
342 2847 474 2924 loquitur
498 2847 533 2906 ds
556 2847 672 2906 homine
695 2851 731 2908 ut
754 2867 831 2907 nunc
855 2852 907 2921 est,
933 2853 970 2909 ut
990 2855 1075 2926 patet
1088 2873 1125 2911 ex

174 2947 271 3008 verbis
287 2952 306 2980 “
317 2945 443 3024 potest,''
461 2951 479 2978 ‘⁶
492 2944 664 3018 obtinebit,''
681 2949 730 3006 &u
773 2948 831 3006 Sed
839 2951 908 3008 sunt
919 2949 1050 3025 theologi
1066 2951 1125 3029 (ut,

151 3031 152 3035 ἵ
174 3043 355 3114 interrivos,
371 3043 539 3114 Msurrnnn
560 3042 614 3100 Th.
633 3043 736 3118 Dogm.
752 3043 773 3124 l.
789 3050 815 3116 3,
832 3064 856 3103 a.
873 3046 899 3115 7,
915 3065 998 3123 prop.
1012 3051 1040 3120 2,
1059 3047 1077 3126 ς
1093 3050 1126 3126 2)

175 3144 226 3222 qui
248 3147 350 3202 tenent
372 3140 484 3199 homini
506 3141 538 3198 in
558 3143 696 3218 praesenti
721 3146 801 3202 statu
829 3144 923 3203 inesse
946 3145 1126 3207 desiderium

159 3243 262 3316 'istud,
279 3245 310 3302 et
323 3239 412 3299 simul
423 3242 526 3299 tenent
545 3239 767 3316 possibilitatem
788 3245 881 3302 status
901 3248 1015 3306 naturae
1030 3265 1127 3324 purae,

173 3342 206 3401 in
219 3361 277 3420 quc
290 3339 349 3400 tale
363 3357 421 3397 non
435 3341 510 3398 esset
523 3338 706 3400 desiderium.

214 3443 287 3500 *ti
310 3439 352 3500 2⁰.
374 3439 514 3498 Attamen
534 3437 606 3498 satis
626 3439 712 3515 plane
727 3439 871 3516 significat
884 3461 913 3501 se
927 3461 986 3500 non
999 3443 1036 3503 do
1050 3445 1127 3504 desi-

176 3539 255 3598 derio
268 3539 369 3598 innato
382 3538 473 3614 loqui,
497 3539 546 3596 sed
560 3536 700 3597 desiderio
719 3559 770 3616 per
784 3541 871 3600 fidem
884 3540 1023 3602 immisso.
1067 3547 1126 3604 Lo·

59 3669 62 3678 ·
176 3639 279 3718 quitur
292 3639 369 3698 enim
390 3639 425 3697 de
443 3637 583 3697 desiderio
607 3639 685 3715 quod
708 3639 801 3698 oritur
824 3660 861 3699 ex
882 3643 1127 3720 contemplatione
