2424 4300
185 375 242 436 168
550 365 605 430 De
623 365 754 430 Grotzo.
976 365 1076 448 [nise.
1094 385 1138 429 vr.

223 643 269 698 36.
292 639 464 696 Psorosrrro
479 635 542 693 III.
564 634 661 692 Potest
683 633 759 690 tomo
780 633 863 691 etiam
879 652 1000 708 prorsus
1020 635 1140 692 oeooiem

183 741 272 799 Deum
294 738 390 817 oto'poo
413 755 496 812 opero
519 734 664 794 moraliter
686 733 757 792 oona
771 735 889 810 facere:
914 734 1043 806 “licet’'
1059 735 1141 794 addit

184 842 298 900 Susum
313 839 346 915 (1.
364 842 389 909 l,
402 856 424 894 c.
441 841 467 908 6,
484 853 512 893 n.
530 839 572 911 9),
597 840 617 868 ‘⁶
627 851 691 892 mro
706 834 828 893 fortasse
842 833 874 891 id
885 832 1002 893 faciut.’'

224 999 271 1058 37.
295 997 399 1057 “Haec
413 991 587 1064 sententia‚’'
608 991 652 1066 pit
665 991 743 1050 idem
765 992 855 1063 Scin,
872 991 987 1064 ibidem,
1014 993 1141 1051 “minus

183 1105 261 1160 certa
271 1103 315 1158 est
325 1117 411 1175 qnam
422 1095 587 1174 praecedens
601 1112 608 1152 :
631 1092 702 1170 quia
714 1111 809 1169 neque
819 1112 859 1152 ex
869 1093 1020 1171 Scriptura
1029 1095 1140 1171 aliquid

183 1203 219 1260 de
232 1202 285 1259 hoo
300 1203 410 1258 certum
423 1197 571 1264 habemus,
585 1212 680 1270 neque
693 1192 725 1250 in
737 1192 883 1252 Conciliis.
926 1194 1002 1252 Nom
1017 1194 1139 1254 Triden-

182 1306 288 1377 tinum,
315 1322 382 1362 sess.
408 1303 435 1372 7,
460 1317 560 1358 onnon.
586 1297 614 1369 7,
638 1297 732 1355 solum
753 1297 873 1356 damnat
893 1297 1023 1357 dicentes
1045 1299 1140 1357 omnia

184 1421 269 1480 opere
295 1418 361 1478 quae
386 1402 454 1458 ante
472 1394 712 1474 justificationem
733 1393 812 1453 fiunt
833 1413 894 1452 esse
913 1398 1042 1472 peccota.
1082 1395 1139 1455 Ubi

183 1528 236 1586 per
245 1502 484 1584 justificationem
504 1499 566 1559 sine
580 1499 668 1558 dubio
684 1518 744 1557 non
757 1498 900 1574 intelligit
913 1503 1009 1558 totum
1024 1519 1137 1558 cursum

181 1604 402 1687 justificationis
428 1623 445 1660 n
468 1601 563 1678 prime
582 1599 736 1659 vocatione
756 1618 850 1675 usque
878 1600 915 1658 cd
935 1601 1039 1676 gratim
1060 1621 1136 1660 sanc·

184 1711 323 1773 tificantis
348 1708 549 1768 infusionem:
570 1703 641 1782 quia
661 1705 696 1762 de
723 1686 852 1780 tempore
872 1708 941 1764 unte
959 1705 1137 1764 vocationem

185 1832 333 1891 nunquam
354 1807 516 1870 Concilium
535 1804 681 1877 tractavit,
707 1823 760 1862 nec
793 1807 855 1864 erut
878 1806 1073 1865 necessarium
1104 1808 1137 1864 ad

186 1915 346 1975 doctrinam
371 1909 451 1981 fidei,
477 1908 527 1966 sed
549 1909 664 1964 tantum
684 1905 783 1964 docuit
803 1905 834 1964 in
857 1926 918 1983 cap.
945 1909 962 1966 5
987 1907 1136 1966 exordium

182 2010 400 2094 justificationis
427 2029 444 2068 a
474 2006 625 2066 vocatione
656 2006 830 2064 sumendum
863 2025 944 2081 esse3
976 2019 1007 2066 et
1029 2013 1134 2084 posteo,

184 2138 243 2195 cop.
267 2118 294 2188 7,
317 2113 427 2174 nullam
446 2108 622 2170 mentionem
642 2107 714 2166 facit
735 2127 856 2183 operum
876 2111 943 2168 ente
963 2111 1136 2169 vocationem

185 2222 221 2280 ad
246 2219 343 2290 fidem,
373 2213 423 2274 sed
451 2213 567 2271 tantum
595 2208 681 2281 dixit,
716 2208 941 2286 ‘Disponuntur
972 2215 1071 2270 autem
1103 2211 1136 2269 ad

183 2326 276 2404 ipsam
295 2318 453 2400 justitium,
478 2317 548 2375 dum
574 2312 695 2373 excitati
718 2316 749 2372 et
770 2313 864 2390 adjuti
883 2313 970 2372 fidem
985 2334 1024 2373 ex
1038 2316 1135 2374 auditu

184 2423 387 2502 concipientes,
410 2419 500 2478 libere
524 2417 677 2474 moventur
700 2413 731 2472 in
757 2415 861 2486 Deum,
891 2414 1060 2487 credentem
1088 2420 1133 2475 &c

185 2511 297 2589 Deinde
319 2524 389 2582 licet
419 2521 492 2579 Pius
514 2523 544 2576 et
566 2514 723 2590 Gregorius
754 2515 892 2575 damnent
916 2518 1135 2594 propositionem
1198 2573 1199 2576 ,

186 2629 258 2702 Boii,
283 2623 408 2685 ‘Omnia
432 2618 596 2679 infidelium
623 2635 709 2694 opere
730 2634 791 2674 esse
817 2619 954 2692 peccatc,’
986 2619 1134 2678 subsistere

186 2733 280 2806 potest
294 2724 424 2784 doctrine
437 2719 622 2788 Pontificum,
637 2714 751 2775 etiamsi
764 2714 816 2774 isti
829 2715 961 2775 infideles
975 2716 1134 2793 ignorantes

186 2833 279 2888 Deum
303 2823 420 2883 nullum
440 2822 548 2879 bonum
571 2837 645 2894 opus
666 2817 758 2875 facere
779 2822 913 2892 possent:
937 2818 1007 2894 quia
1033 2824 1068 2879 ut
1089 2820 1134 2878 ills
1198 2801 1199 2810 ἵ

187 2924 359 2988 universalis
374 2921 492 2981 assertio
513 2919 586 2990 falsu
600 2918 683 2978 sitin
696 2936 878 2994 quocumque
892 2919 993 2994 gradu,
1014 2921 1086 2980 satis
1097 2927 1136 2981 est

105 3089 108 3096 ⁴
187 3028 264 3107 quod
284 3027 316 3084 in
340 3023 439 3083 eodem
470 3021 562 3098 gradu
583 3020 622 3079 sit
644 3039 757 3092 verum,
781 3019 915 3079 infideles
938 3029 1135 3098 cognoscentes

187 3133 283 3190 Deum
305 3143 388 3204 posse
410 3123 471 3182 eine
492 3125 608 3199 peccato
629 3122 750 3198 operari,
774 3121 830 3194 vel,
857 3113 963 3181 clarius
984 3125 1133 3200 loquendo,

186 3253 267 3314 posse
280 3231 379 3307 aliqua
391 3229 466 3287 bone
480 3225 620 3303 operori.”

226 3338 275 3395 38.
297 3331 409 3390 Textus
425 3328 543 3405 patrum
557 3344 645 3412 supra
658 3325 750 3398 allati,
774 3329 881 3399 32-34,
904 3329 934 3386 et
946 3327 1022 3388 hanc
1036 3347 1134 3408 propo·

187 3434 320 3493 sitionem
340 3428 473 3509 probent.
516 3424 649 3486 solidum
671 3444 787 3504 quoque
808 3431 853 3485 est
875 3430 1082 3502 argumentum
1101 3449 1133 3489 ex

187 3534 309 3604 rctione,
331 3532 362 3589 in
381 3528 484 3587 iisdem
506 3524 638 3584 textibus
658 3524 848 3598 insinuatum,
870 3527 1006 3604 quodque
1026 3528 1068 3587 sic
1088 3549 1134 3607 pro

188 3632 355 3696 infidelibus
376 3629 408 3688 in
432 3645 537 3706 genero
564 3626 700 3706 proponit
721 3627 869 3724 Poenoue,
898 3647 925 3686 n.
950 3631 1134 3689 1422-“111
