2410 4318
47 367 168 422 mss».
193 339 287 438 vm]
376 346 432 417 De
450 345 571 418 Gratia
585 343 683 440 Effic.
700 347 865 438 etSuffic.
1002 379 1062 446 217

47 531 156 582 caret
185 520 308 579 effectu
330 519 459 579 absoluto
481 519 597 583 intento
612 541 665 582 sau
675 520 785 581 volito:
809 521 941 582 Concedo
956 525 1061 586 :Ocn-

55 623 214 682 dionate
233 619 367 680 intento:
389 621 481 696 Nego.

107 724 172 782 74.
196 718 250 782 3⁰.
271 722 371 780 Potest
391 721 476 781 etiam
502 722 620 784 concedi
643 742 820 801 consequens
842 724 977 801 primum,
1000 726 1059 786 imo

58 829 182 901 debet,
196 847 242 886 eo
256 845 342 887 sensu
355 827 432 904 quod
445 827 541 904 gratia
553 848 706 906 nunquam
727 832 806 888 caret
819 830 898 888 omcc'
910 831 1014 890 effectu
1029 836 1059 892 et

61 948 150 1006 ergo
168 947 339 1005 nunquam
352 927 429 988 radit
442 947 540 988 vacua.
585 931 690 989 “Nam
703 929 744 1002 10,
756 930 858 990 saltem
878 931 957 989 huno
970 932 1059 992 habet

64 1029 241 1088 effectum
255 1047 273 1086 a
285 1027 347 1087 Deo
368 1027 525 1102 intentum,
547 1032 583 1090 ut
595 1029 764 1088 manifestet
784 1029 913 1088 divinam
926 1031 1058 1108 benigni-

61 1134 190 1202 tatem,
210 1129 452 1206 miscricordiam,
461 1131 673 1208 providentiam
684 1149 716 1190 ac
726 1130 866 1191 sinceram
876 1132 1057 1192 voluntatem

67 1228 234 1290 salvandi
254 1248 353 1289 omncs
373 1232 404 1290 et
423 1229 553 1308 singulos
572 1229 714 1291 homines.
755 1230 799 1291 2⁰.
821 1231 925 1290 Sinon
945 1233 1057 1293 obtinet

65 1329 106 1388 in
122 1327 264 1388 homine
278 1327 306 1388 ei
318 1327 469 1390 resistente
492 1330 628 1390 effectum
648 1349 666 1390 a
678 1329 875 1390 misericordia
889 1331 988 1391 divina
1008 1333 1055 1392 in·

69 1431 221 1503 tentum,
260 1429 405 1489 redundat
436 1428 469 1488 in
490 1430 627 1490 effectum
655 1429 781 1508 justitiae
808 1434 941 1508 respectu
964 1431 1055 1494 illius.

68 1531 166 1590 Deus
182 1528 282 1602 enim,
308 1531 343 1588 ut
360 1505 450 1589 locet
472 1513 504 1590 sss
529 1530 654 1589 Thomas
680 1527 768 1609 [Pars
785 1533 811 1602 l,
828 1549 856 1606 q.
875 1534 920 1602 19,
936 1550 961 1590 a.
979 1537 1006 1604 6,
1022 1533 1055 1592 in

73 1625 198 1707 corp.],
214 1625 386 1686 virtualiter
399 1625 545 1704 duplicem
564 1627 653 1686 habet
673 1625 875 1697 intentionem,
892 1646 1005 1704 nempe,
1024 1633 1057 1690 ut

70 1728 200 1787 bonum
217 1725 273 1784 fiat
286 1729 316 1784 ct
331 1729 363 1784 ut
376 1726 470 1798 homo,
486 1725 539 1802 qui
552 1745 611 1785 non
620 1725 688 1785 vult
700 1727 810 1786 bonum
824 1746 918 1802 agere,
932 1747 1054 1803 poenam

75 1829 202 1888 subeat.
229 1825 327 1900 Unde,
338 1844 406 1884 cum
416 1825 591 1885 alterutrum
601 1845 714 1904 semper
721 1825 781 1898 fiat,
793 1827 915 1885 verbum
925 1826 981 1886 Dei
991 1827 1052 1888 sios

76 1925 223 1988 exterius
238 1924 301 1985 siva
313 1923 438 1985 interius
456 1925 494 1986 ad
516 1927 613 2004 ipsum
626 1945 686 1987 non
699 1926 775 1988 redit
790 1926 945 1988 vacuum.’'
987 1929 1051 1989 Au·

77 2023 436 2105 roms,o.4‚a1,§a

121 2129 175 2188 75.
204 2124 310 2203 Objcct.
326 2129 354 2185 3.
377 2129 396 2160 “
409 2123 519 2199 Omnis,
542 2123 594 2204 qui
614 2124 728 2186 audivit
748 2125 863 2186 aPatre
884 2129 914 2187 et
934 2127 1047 2202 didicit,

80 2225 168 2286 venit
182 2225 224 2286 ad
238 2224 317 2284 mc.'’
337 2225 422 2285 ioan.
437 2225 477 2286 vi.
493 2229 542 2286 45.
585 2224 686 2286 Gratia
706 2243 771 2302 quae
792 2225 835 2284 ibi
856 2225 1046 2302 significatur,

82 2323 181 2401 gratia
195 2323 405 2394 illustrationis
426 2329 456 2385 et
475 2323 685 2401 inspirationis,
707 2328 752 2384 est
766 2325 859 2383 omnis
872 2327 967 2402 gratia
980 2348 1048 2388 vere

82 2426 255 2486 sufficiens:
276 2425 371 2504 gratia
380 2429 477 2485 autem
486 2425 528 2484 ibi
538 2423 701 2500 significata
710 2443 822 2500 semper
832 2423 951 2484 sortitur
961 2427 1045 2486 effec-

83 2535 167 2604 tum3
189 2549 261 2606 ergo
275 2529 369 2590 omnis
383 2529 477 2607 gratia
492 2547 556 2589 vere
570 2529 716 2588 sufficiens
729 2529 851 2588 sortitur
865 2529 1010 2590 effectum.

124 2630 173 2689 76.
199 2627 282 2706 Rcsp.
302 2629 458 2705 Distinguo
472 2627 630 2705 majorem:
654 2627 754 2686 Gratia
766 2626 810 2686 ibi
827 2627 988 2702 significata
1001 2632 1045 2688 cst

87 2731 263 2806 gratiavere
276 2729 430 2804 sufficiens,
453 2729 502 2790 cui
522 2730 609 2788 homo
632 2727 784 2802 consentit,
801 2737 832 2787 et
846 2748 911 2805 quaa
930 2730 994 2790 ideo
1008 2731 1043 2792 fit

88 2831 175 2890 etiam
199 2831 302 2892 efficax
316 2829 450 2907 :—“qui
483 2829 599 2888 audivit
620 2847 638 2887 a
660 2829 747 2889 Patre
766 2832 796 2888 et
817 2829 948 2902 didicit,’'
973 2831 993 2890 i.
1015 2850 1040 2890 e.

89 2932 189 3006 gratiae
202 2931 255 2992 isti
274 2931 370 2992 cedit:
395 2931 545 2990 Concedo:
568 2930 622 2988 Est
646 2929 740 2988 omnis
763 2929 858 3005 gratia
879 2950 947 2990 vere
964 2931 1041 2990 suffi-

89 3031 184 3093 ciens:
200 3034 300 3110 Nego:
317 3053 354 3093 ex
367 3031 496 3110 probatis
508 3031 587 3092 enim
597 3031 684 3090 datur
692 3031 760 3090 talis
774 3033 877 3108 gratia,
895 3032 943 3091 cui
953 3033 1041 3092 multi

91 3148 148 3190 non
168 3134 291 3194 cedunt:
314 3135 384 3194 sunt
404 3131 457 3210 qui
480 3131 605 3191 audiunt
626 3135 656 3191 ct
677 3150 736 3190 non
760 3129 885 3193 discunt.
926 3135 975 3190 Ex'
986 3131 1041 3193 hoc

91 3234 173 3292 textu
184 3235 283 3312 potius
295 3235 430 3294 firmatur
443 3237 541 3293 nostra
554 3232 703 3292 doctrina:
727 3232 779 3310 qui
792 3233 868 3292 enim
882 3252 939 3291 non
953 3253 1038 3294 venc-

94 3337 159 3390 runt
182 3333 217 3392 ad
240 3335 397 3406 Christum,
432 3336 618 3410 agnoscentes
641 3351 709 3391 eum
730 3351 791 3390 csse
809 3352 875 3392 vere
897 3332 1040 3392 divinitus

95 3429 217 3504 missum,
232 3453 291 3492 non
312 3435 377 3492 idac
400 3453 459 3491 non
481 3436 626 3492 venerunt
646 3431 787 3508 quianon
802 3431 965 3504 audierunt,
982 3433 1003 3491 i.
1014 3453 1038 3493 e.

98 3529 210 3600 gratiam
220 3551 277 3591 non
288 3534 467 3611 reccp'erunt,
480 3532 530 3592 scd
541 3530 677 3609 quianon
688 3531 859 3604 didicerunt,
870 3530 890 3592 i.
903 3550 927 3592 s.
938 3531 1038 3608 gratioe

97 3639 315 3695 concesseruut.
568 3711 601 3772 n
