2408 4304
71 437 171 485 mer.
186 411 262 503 xn]
467 409 523 478 De
537 383 672 482 Meno.
975 433 1038 496 433
1083 501 1084 504 Ἴ

73 602 154 664 qua
167 581 250 644 nobis
263 577 514 658 probelilioraeose
527 577 720 640 ridenturhio
728 578 866 640 dieamus.
909 579 950 642 10.
959 581 1040 642 Deus

72 687 226 746 oreaturee
239 701 293 744 neo
306 683 434 754 tenetur,
448 699 502 741 neo
515 679 607 740 teneri
626 675 731 757 potest,
747 679 833 741 titulo
848 679 940 742 ullius
949 681 1040 759 juati·

72 787 136 846 tito
151 783 264 864 proprie
278 783 372 853 dieta,
395 781 456 842 sive
477 779 690 868 commutativae
710 783 772 842 aive
791 781 895 859 legalia
908 782 969 844 eive
983 784 1041 844 dio·

75 885 245 947 tributivae.
296 883 340 944 2⁰.
372 881 405 942 si
428 901 497 943 vero
525 881 698 960 promiserit,
724 885 841 944 tenetur
868 883 1041 961 promissum

75 987 181 1047 faeere
193 1007 201 1060 ;
223 983 273 1045 aed
297 983 354 1044 sibi
375 985 503 1055 tenetur,
527 986 558 1042 et
581 1001 620 1042 ex
642 982 703 1042 eolo
723 982 874 1057 fidelitate,
902 1003 971 1061 queo
997 988 1042 1045 est

70 1088 90 1166 j
94 1086 201 1146 ustitia
213 1085 271 1146 late
285 1084 380 1144 diota:
400 1085 516 1160 justum
529 1091 573 1142 eet
586 1081 664 1142 enim
677 1084 707 1144 et
720 1083 822 1144 decena
835 1085 870 1143 ut
882 1084 963 1144 Deua
975 1105 1041 1164 pro·

72 1187 205 1248 missum
226 1177 330 1246 seirat.
382 1183 425 1244 3⁰.
448 1182 481 1243 Si
503 1201 656 1260 supponas,
684 1202 736 1260 per
759 1183 949 1262 impossibile,
974 1204 1041 1246 eum

77 1285 227 1366 promisso
250 1303 308 1344 non
331 1286 416 1356 stare,
439 1281 555 1344 nullum
577 1285 714 1344 ereatura
724 1283 775 1360 juo
794 1283 1041 1362 propriediotum

79 1384 229 1445 violaret:
250 1385 384 1444 ereatura
407 1382 486 1442 enim
505 1384 605 1443 eontra
618 1401 685 1443 eum
708 1381 824 1444 nullum
838 1383 981 1462 ejusmodi
990 1383 1042 1462 jue

80 1485 193 1546 habere
206 1487 309 1564 potest.

127 1590 195 1647 111.
216 1586 309 1648 Valde
318 1585 414 1664 plaoet
433 1583 577 1646 sententia
595 1585 741 1650 ,Aureum
755 1585 795 1664 (a.
812 1589 838 1661 l,
855 1585 871 1668 ξ
887 1593 914 1660 2,
930 1587 981 1666 obj.
998 1589 1040 1667 5),

82 1685 315 1765 condignitatem
335 1685 430 1764 operis
449 1683 590 1745 meritorii
609 1703 647 1746 ex
667 1685 856 1762 sequentibus
880 1687 1042 1766 conjunctio

82 1787 221 1847 derivans
232 1785 326 1858 :-l⁰,
342 1804 380 1845 ex
404 1783 546 1862 dignitate
570 1784 672 1864 operis,
694 1789 795 1864 utpote
815 1787 893 1865 quod
912 1789 1043 1866 procedit

83 1908 124 1950 ex
138 1887 195 1947 ieto
208 1888 283 1946 dono
296 1885 400 1964 gratia
413 1884 512 1946 divino
525 1885 682 1946 excitantis
690 1890 720 1947 et
729 1887 904 1966 adjuvantis,
919 1892 950 1950 et
963 1890 1041 1968 quod

86 1989 171 2049 Deus
184 1986 246 2064 ipse
260 1985 292 2045 in
312 1985 437 2064 homine,
449 2004 482 2046 eo
495 1989 673 2064 cooperante,
688 1993 823 2065 operat-ur
838 2007 846 2048 ι
867 1989 910 2062 2⁰,
926 2009 964 2049 ex
977 1989 1041 2066 dig-

84 2087 180 2148 nitate
203 2085 330 2146 hominis
352 2087 505 2163 operantia,
530 2088 633 2166 utpote
656 2086 748 2148 saneti
762 2091 791 2150 et
804 2088 889 2149 amioi
910 2089 975 2164 Dei,
991 2091 1041 2150 ned

85 2187 216 2249 maxime
230 2187 299 2266 quia
312 2186 394 2246 filiun
407 2186 465 2247 Dei
479 2189 522 2246 eat
535 2187 705 2265 adoptivus:
727 2191 766 2263 3⁰,
779 2209 817 2250 ex
831 2189 972 2268 dignitate
985 2190 1042 2252 Dei

85 2288 140 2368 qui
152 2287 304 2366 praemium
327 2286 461 2365 promisit
484 2290 514 2348 et
537 2287 695 2366 elargitum
717 2289 849 2366 quinon
869 2291 962 2350 solum
975 2311 1041 2370 pro·

84 2385 175 2445 misso
198 2383 314 2444 infinite
335 2381 431 2443 fidelia
454 2385 508 2456 eet,
533 2384 588 2464 sedx
604 2387 770 2444 remunerat
782 2387 817 2444 ut
830 2385 913 2446 deoet
931 2387 1042 2462 Regem

75 2504 253 2566 'supremum
278 2483 416 2558 omniurn,
442 2483 557 2543 infinite
581 2483 710 2558 divitem,
739 2483 854 2544 infinite
882 2489 1039 2562 potentem,

84 2585 202 2644 infinite
216 2584 382 2644 liberalem:
407 2585 447 2656 4⁰,
464 2583 651 2660 exdignitate
660 2583 770 2642 christi
782 2583 838 2643 Dei
853 2587 883 2644 et
895 2585 1042 2658 Hominis,

86 2685 173 2761 eujus
186 2683 290 2742 merita
298 2683 409 2743 infiniti
423 2687 492 2744 eunt
505 2678 737 2765 ualorie(ealtem
747 2684 1040 2760 syncategorimatiee,

86 2786 245 2847 seeundum
260 2786 380 2864 omnes),
408 2785 460 2863 qui
481 2805 539 2844 nou
563 2785 656 2844 solum
675 2786 798 2861 gratiam
812 2789 842 2844 et
854 2785 976 2862 gloriam
989 2806 1042 2862 pro

87 2887 173 2948 nobis
186 2887 308 2946 meritus
332 2893 384 2961 ent,
408 2887 458 2946 sed
479 2887 602 2946 meritus
616 2890 660 2946 est
680 2890 714 2944 ut
728 2892 758 2945 et
771 2906 823 2945 nos
836 2887 935 2946 eadem
949 2906 1039 2946 mere-

87 3007 194 3048 remur.
245 2989 320 3048 Haeo
350 2987 447 3045 omnia
475 2987 628 3064 conjuncta
662 2985 790 3046 efficiunt
816 2986 1042 3064 condignitatem

86 3089 181 3167 operio
194 3087 343 3162 meritorii,
359 3086 487 3148 maxime
501 3091 597 3146 autem
612 3087 669 3148 duo
679 3086 792 3148 ultime.

147 3325 162 3407 ᾗ
180 3331 206 3388 6.
226 3327 270 3386 De
284 3329 440 3386 neoaeoitete
455 3326 604 3384 eharitatis
618 3326 736 3385 actualia
749 3326 790 3385 oet
801 3324 930 3388 enitentia
943 3328 983 3388 art

400 3426 527 3486 meritum
538 3427 570 3486 de
583 3427 723 3504 oondrpno.

129 3590 193 3646 112.
216 3587 301 3646 Hane
315 3585 513 3664 quaestionem,
535 3590 636 3664 utpote
651 3585 738 3663 paulo
757 3585 890 3646 latiorem
911 3588 1040 3666 disputa-

87 3686 194 3747 tionem
217 3687 421 3766 postulantem,
446 3705 574 3746 eeoreum
588 3684 792 3745 excutiendam
815 3687 938 3770 seponui.
979 3689 1039 3750 Im·

545 3789 583 3848 20
