<?xml version="1.0" encoding="UTF-8"?>
<!DOCTYPE html PUBLIC "-//W3C//DTD XHTML 1.0 Transitional//EN"
    "http://www.w3.org/TR/xhtml1/DTD/xhtml1-transitional.dtd">
<html xmlns="http://www.w3.org/1999/xhtml" xml:lang="en" lang="en">
 <head>
  <title>
</title>
<meta http-equiv="Content-Type" content="text/html;charset=utf-8" />
  <meta name='ocr-system' content='tesseract 3.04.00' />
  <meta name='ocr-capabilities' content='ocr_page ocr_carea ocr_par ocr_line ocrx_word'/>
</head>
<body>
  <div class='ocr_page' id='page_1' title='image "./tractatusdegrat00murrgoog_0397.png"; bbox 0 0 2408 4304; ppageno 0'>
   <div class='ocr_carea' id='block_1_1' title="bbox 195 386 1155 473">
    <p class='ocr_par' dir='ltr' id='par_1_1' title="bbox 195 386 1155 473">
     <span class='ocr_line' id='line_1_1' title="bbox 195 386 1155 473; baseline -0.006 -16"><span class='ocrx_word' id='word_1_1' title='bbox 195 393 255 473; x_wconf 82' lang='lat'><strong>382</strong></span> <span class='ocrx_word' id='word_1_2' title='bbox 568 387 625 456; x_wconf 82' lang='lat' dir='ltr'><strong>De</strong></span> <span class='ocrx_word' id='word_1_3' title='bbox 644 387 779 457; x_wconf 75' lang='lat' dir='ltr'><strong>Gratza.</strong></span> <span class='ocrx_word' id='word_1_4' title='bbox 1023 386 1118 473; x_wconf 72' lang='lat' dir='ltr'><strong>[mss.</strong></span> <span class='ocrx_word' id='word_1_5' title='bbox 1132 411 1155 452; x_wconf 76' lang='lat' dir='ltr'><strong>a.</strong></span> 
     </span>
    </p>
   </div>
   <div class='ocr_carea' id='block_1_2' title="bbox 193 555 1156 2035">
    <p class='ocr_par' dir='ltr' id='par_1_2' title="bbox 193 555 1156 1735">
     <span class='ocr_line' id='line_1_2' title="bbox 234 555 1156 635; baseline -0.003 -19"><span class='ocrx_word' id='word_1_6' title='bbox 234 563 282 620; x_wconf 82' lang='lat'><strong>95.</strong></span> <span class='ocrx_word' id='word_1_7' title='bbox 303 558 344 618; x_wconf 86' lang='lat' dir='ltr'><strong>Et</strong></span> <span class='ocrx_word' id='word_1_8' title='bbox 358 557 400 632; x_wconf 85' lang='lat'><strong>10,</strong></span> <span class='ocrx_word' id='word_1_9' title='bbox 417 557 495 635; x_wconf 90' lang='lat' dir='ltr'><strong>quod</strong></span> <span class='ocrx_word' id='word_1_10' title='bbox 509 556 615 618; x_wconf 81' lang='lat' dir='ltr'>attinet</span> <span class='ocrx_word' id='word_1_11' title='bbox 628 559 666 617; x_wconf 90' lang='lat' dir='ltr'><strong>ad</strong></span> <span class='ocrx_word' id='word_1_12' title='bbox 681 561 792 630; x_wconf 87' lang='lat' dir='ltr'><strong>textus,</strong></span> <span class='ocrx_word' id='word_1_13' title='bbox 805 578 837 620; x_wconf 78' lang='lat' dir='ltr'><strong>n,</strong></span> <span class='ocrx_word' id='word_1_14' title='bbox 852 560 903 632; x_wconf 74' lang='lat'><strong>64,</strong></span> <span class='ocrx_word' id='word_1_15' title='bbox 920 559 954 616; x_wconf 91' lang='lat' dir='ltr'><strong>ct</strong></span> <span class='ocrx_word' id='word_1_16' title='bbox 962 556 1040 616; x_wconf 79' lang='lat' dir='ltr'><strong>alios</strong></span> <span class='ocrx_word' id='word_1_17' title='bbox 1051 555 1156 626; x_wconf 82' lang='lat' dir='ltr'><strong>similes,</strong></span> 
     </span>
     <span class='ocr_line' id='line_1_3' title="bbox 193 655 1156 736; baseline -0.005 -19"><span class='ocrx_word' id='word_1_18' title='bbox 193 657 355 736; x_wconf 64' lang='lat' dir='ltr'><strong>pracsertim</strong></span> <span class='ocrx_word' id='word_1_19' title='bbox 375 657 408 716; x_wconf 87' lang='lat' dir='ltr'><strong>in</strong></span> <span class='ocrx_word' id='word_1_20' title='bbox 430 657 485 736; x_wconf 85' lang='lat' dir='ltr'><strong>Ep.</strong></span> <span class='ocrx_word' id='word_1_21' title='bbox 507 658 543 716; x_wconf 86' lang='lat' dir='ltr'><strong>ad</strong></span> <span class='ocrx_word' id='word_1_22' title='bbox 563 657 693 730; x_wconf 79' lang='lat' dir='ltr'><strong>Galatas,</strong></span> <span class='ocrx_word' id='word_1_23' title='bbox 707 677 809 717; x_wconf 85' lang='lat' dir='ltr'><strong>sensus</strong></span> <span class='ocrx_word' id='word_1_24' title='bbox 834 677 940 718; x_wconf 89' lang='lat' dir='ltr'><strong>eorum</strong></span> <span class='ocrx_word' id='word_1_25' title='bbox 963 676 1057 716; x_wconf 82' lang='lat' dir='ltr'><strong>verus</strong></span> <span class='ocrx_word' id='word_1_26' title='bbox 1071 655 1156 733; x_wconf 82' lang='lat' dir='ltr'><strong>(quem</strong></span> 
     </span>
     <span class='ocr_line' id='line_1_4' title="bbox 194 757 1155 836; baseline -0.002 -20"><span class='ocrx_word' id='word_1_27' title='bbox 194 776 282 835; x_wconf 87' lang='lat' dir='ltr'><strong>supra</strong></span> <span class='ocrx_word' id='word_1_28' title='bbox 306 757 470 830; x_wconf 79' lang='lat' dir='ltr'>statuimus,</span> <span class='ocrx_word' id='word_1_29' title='bbox 495 777 525 817; x_wconf 89' lang='lat' dir='ltr'><strong>n.</strong></span> <span class='ocrx_word' id='word_1_30' title='bbox 552 761 599 828; x_wconf 82' lang='lat'><strong>65,</strong></span> <span class='ocrx_word' id='word_1_31' title='bbox 625 758 692 835; x_wconf 71' lang='lat' dir='ltr'><strong>Suc.)</strong></span> <span class='ocrx_word' id='word_1_32' title='bbox 717 778 909 836; x_wconf 85' lang='lat' dir='ltr'><strong>nequaquam</strong></span> <span class='ocrx_word' id='word_1_33' title='bbox 939 757 968 816; x_wconf 85' lang='lat' dir='ltr'><strong>is</strong></span> <span class='ocrx_word' id='word_1_34' title='bbox 991 757 1115 833; x_wconf 87' lang='lat' dir='ltr'><strong>estqui</strong></span> <span class='ocrx_word' id='word_1_35' title='bbox 1134 775 1155 813; x_wconf 85' lang='lat' dir='ltr'><strong>ss</strong></span> 
     </span>
     <span class='ocr_line' id='line_1_5' title="bbox 195 855 1155 934; baseline -0.001 -20"><span class='ocrx_word' id='word_1_36' title='bbox 195 856 294 916; x_wconf 88' lang='lat' dir='ltr'><strong>statim</strong></span> <span class='ocrx_word' id='word_1_37' title='bbox 308 859 338 917; x_wconf 88' lang='lat' dir='ltr'><strong>ct</strong></span> <span class='ocrx_word' id='word_1_38' title='bbox 349 855 425 916; x_wconf 83' lang='lat' dir='ltr'><strong>clarc</strong></span> <span class='ocrx_word' id='word_1_39' title='bbox 437 856 528 916; x_wconf 82' lang='lat' dir='ltr'><strong>menti</strong></span> <span class='ocrx_word' id='word_1_40' title='bbox 536 855 691 932; x_wconf 81' lang='lat' dir='ltr'><strong>ingereret,</strong></span> <span class='ocrx_word' id='word_1_41' title='bbox 701 857 820 916; x_wconf 83' lang='lat' dir='ltr'><strong>lectoris</strong></span> <span class='ocrx_word' id='word_1_42' title='bbox 833 855 1008 934; x_wconf 82' lang='lat' dir='ltr'><strong>pracsertim</strong></span> <span class='ocrx_word' id='word_1_43' title='bbox 1021 857 1072 915; x_wconf 84' lang='lat' dir='ltr'><strong>vel</strong></span> <span class='ocrx_word' id='word_1_44' title='bbox 1086 856 1155 914; x_wconf 85' lang='lat' dir='ltr'><strong>audi-</strong></span> 
     </span>
     <span class='ocr_line' id='line_1_6' title="bbox 195 954 1155 1034; baseline -0.003 -17"><span class='ocrx_word' id='word_1_45' title='bbox 195 956 267 1017; x_wconf 87' lang='lat' dir='ltr'><strong>toris</strong></span> <span class='ocrx_word' id='word_1_46' title='bbox 295 955 405 1015; x_wconf 88' lang='lat' dir='ltr'><strong>indocti</strong></span> <span class='ocrx_word' id='word_1_47' title='bbox 426 958 457 1016; x_wconf 88' lang='lat' dir='ltr'><strong>et</strong></span> <span class='ocrx_word' id='word_1_48' title='bbox 479 954 632 1025; x_wconf 83' lang='lat' dir='ltr'><strong>instabilis,</strong></span> <span class='ocrx_word' id='word_1_49' title='bbox 665 975 718 1016; x_wconf 87' lang='lat' dir='ltr'><strong>suo</strong></span> <span class='ocrx_word' id='word_1_50' title='bbox 750 957 869 1034; x_wconf 88' lang='lat' dir='ltr'><strong>proprio</strong></span> <span class='ocrx_word' id='word_1_51' title='bbox 898 955 1023 1033; x_wconf 89' lang='lat' dir='ltr'><strong>judicio</strong></span> <span class='ocrx_word' id='word_1_52' title='bbox 1054 955 1155 1032; x_wconf 77' lang='lat' dir='ltr'><strong>privata</strong></span> 
     </span>
     <span class='ocr_line' id='line_1_7' title="bbox 194 1055 1156 1134; baseline -0.003 -18"><span class='ocrx_word' id='word_1_53' title='bbox 194 1055 315 1116; x_wconf 84' lang='lat' dir='ltr'><strong>utentis.</strong></span> <span class='ocrx_word' id='word_1_54' title='bbox 356 1056 432 1127; x_wconf 84' lang='lat' dir='ltr'>Imo,</span> <span class='ocrx_word' id='word_1_55' title='bbox 451 1055 593 1132; x_wconf 87' lang='lat' dir='ltr'><strong>ejusmodi</strong></span> <span class='ocrx_word' id='word_1_56' title='bbox 618 1055 722 1116; x_wconf 73' lang='lat' dir='ltr'><strong>lecturi</strong></span> <span class='ocrx_word' id='word_1_57' title='bbox 742 1076 844 1116; x_wconf 85' lang='lat' dir='ltr'><strong>seusus</strong></span> <span class='ocrx_word' id='word_1_58' title='bbox 873 1055 934 1116; x_wconf 87' lang='lat' dir='ltr'><strong>istc</strong></span> <span class='ocrx_word' id='word_1_59' title='bbox 957 1055 1046 1114; x_wconf 88' lang='lat' dir='ltr'><strong>haud</strong></span> <span class='ocrx_word' id='word_1_60' title='bbox 1066 1074 1156 1134; x_wconf 84' lang='lat' dir='ltr'><strong>parum</strong></span> 
     </span>
     <span class='ocr_line' id='line_1_8' title="bbox 195 1155 1155 1230; baseline 0.001 -16"><span class='ocrx_word' id='word_1_61' title='bbox 195 1156 321 1215; x_wconf 89' lang='lat' dir='ltr'><strong>difficilis</strong></span> <span class='ocrx_word' id='word_1_62' title='bbox 342 1159 372 1215; x_wconf 89' lang='lat' dir='ltr'><strong>ct</strong></span> <span class='ocrx_word' id='word_1_63' title='bbox 394 1157 531 1215; x_wconf 87' lang='lat' dir='ltr'><strong>obscurus</strong></span> <span class='ocrx_word' id='word_1_64' title='bbox 554 1161 645 1230; x_wconf 85' lang='lat' dir='ltr'><strong>csset3</strong></span> <span class='ocrx_word' id='word_1_65' title='bbox 668 1159 698 1216; x_wconf 90' lang='lat' dir='ltr'><strong>ct</strong></span> <span class='ocrx_word' id='word_1_66' title='bbox 720 1176 820 1216; x_wconf 88' lang='lat' dir='ltr'><strong>sensus</strong></span> <span class='ocrx_word' id='word_1_67' title='bbox 841 1157 1094 1228; x_wconf 85' lang='lat' dir='ltr'><strong>Protcstanticus‚</strong></span> <span class='ocrx_word' id='word_1_68' title='bbox 1117 1155 1155 1216; x_wconf 72' lang='lat' dir='ltr'><strong>sel</strong></span> 
     </span>
     <span class='ocr_line' id='line_1_9' title="bbox 195 1253 1154 1346; baseline -0.002 -30"><span class='ocrx_word' id='word_1_69' title='bbox 195 1256 283 1316; x_wconf 85' lang='lat' dir='ltr'><strong>etiam</strong></span> <span class='ocrx_word' id='word_1_70' title='bbox 296 1255 520 1329; x_wconf 85' lang='lat' dir='ltr'><strong>antinomianus,</strong></span> <span class='ocrx_word' id='word_1_71' title='bbox 542 1256 635 1333; x_wconf 85' lang='lat' dir='ltr'><strong>magis</strong></span> <span class='ocrx_word' id='word_1_72' title='bbox 655 1255 759 1316; x_wconf 88' lang='lat' dir='ltr'><strong>obvius</strong></span> <span class='ocrx_word' id='word_1_73' title='bbox 780 1260 818 1327; x_wconf 87' lang='lat' dir='ltr'><strong>ct,</strong></span> <span class='ocrx_word' id='word_1_74' title='bbox 847 1255 941 1315; x_wconf 84' lang='lat' dir='ltr'><strong>atita</strong></span> <span class='ocrx_word' id='word_1_75' title='bbox 956 1257 1070 1346; x_wconf 77' lang='lat' dir='ltr'><strong>dicam,</strong></span> <span class='ocrx_word' id='word_1_76' title='bbox 1085 1253 1154 1334; x_wconf 85' lang='lat' dir='ltr'><strong>quasi</strong></span> 
     </span>
     <span class='ocr_line' id='line_1_10' title="bbox 194 1355 1153 1433; baseline -0.001 -19"><span class='ocrx_word' id='word_1_77' title='bbox 194 1356 227 1414; x_wconf 90' lang='lat' dir='ltr'><strong>in</strong></span> <span class='ocrx_word' id='word_1_78' title='bbox 247 1355 399 1433; x_wconf 79' lang='lat' dir='ltr'><strong>superficie</strong></span> <span class='ocrx_word' id='word_1_79' title='bbox 421 1357 574 1415; x_wconf 85' lang='lat' dir='ltr'><strong>verborum</strong></span> <span class='ocrx_word' id='word_1_80' title='bbox 592 1356 701 1433; x_wconf 83' lang='lat' dir='ltr'><strong>jacens.</strong></span> <span class='ocrx_word' id='word_1_81' title='bbox 742 1357 810 1416; x_wconf 86' lang='lat' dir='ltr'><strong>Non</strong></span> <span class='ocrx_word' id='word_1_82' title='bbox 833 1356 878 1415; x_wconf 88' lang='lat' dir='ltr'><strong>ita</strong></span> <span class='ocrx_word' id='word_1_83' title='bbox 902 1360 1010 1416; x_wconf 87' lang='lat' dir='ltr'><strong>autem</strong></span> <span class='ocrx_word' id='word_1_84' title='bbox 1036 1361 1153 1417; x_wconf 78' lang='lat' dir='ltr'><strong>errarent</strong></span> 
     </span>
     <span class='ocr_line' id='line_1_11' title="bbox 195 1453 1151 1531; baseline 0 -16"><span class='ocrx_word' id='word_1_85' title='bbox 195 1455 280 1529; x_wconf 90' lang='lat' dir='ltr'><strong>docti,</strong></span> <span class='ocrx_word' id='word_1_86' title='bbox 296 1457 316 1515; x_wconf 90' lang='lat' dir='ltr'><strong>i.</strong></span> <span class='ocrx_word' id='word_1_87' title='bbox 329 1476 354 1517; x_wconf 89' lang='lat' dir='ltr'><strong>c.</strong></span> <span class='ocrx_word' id='word_1_88' title='bbox 369 1457 442 1516; x_wconf 87' lang='lat' dir='ltr'>bene</span> <span class='ocrx_word' id='word_1_89' title='bbox 456 1453 593 1516; x_wconf 81' lang='lat' dir='ltr'><strong>instructi</strong></span> <span class='ocrx_word' id='word_1_90' title='bbox 606 1457 638 1517; x_wconf 90' lang='lat' dir='ltr'><strong>in</strong></span> <span class='ocrx_word' id='word_1_91' title='bbox 651 1457 783 1517; x_wconf 88' lang='lat' dir='ltr'><strong>doctrina</strong></span> <span class='ocrx_word' id='word_1_92' title='bbox 793 1457 977 1531; x_wconf 85' lang='lat' dir='ltr'><strong>Christiana,</strong></span> <span class='ocrx_word' id='word_1_93' title='bbox 989 1463 1023 1519; x_wconf 84' lang='lat' dir='ltr'><strong>ct</strong></span> <span class='ocrx_word' id='word_1_94' title='bbox 1036 1457 1151 1526; x_wconf 75' lang='lat' dir='ltr'><strong>stabiles,</strong></span> 
     </span>
     <span class='ocr_line' id='line_1_12' title="bbox 194 1555 1152 1636; baseline -0.002 -20"><span class='ocrx_word' id='word_1_95' title='bbox 194 1557 215 1618; x_wconf 89' lang='lat' dir='ltr'><strong>i.</strong></span> <span class='ocrx_word' id='word_1_96' title='bbox 225 1577 250 1618; x_wconf 85' lang='lat' dir='ltr'><strong>c.</strong></span> <span class='ocrx_word' id='word_1_97' title='bbox 260 1556 380 1616; x_wconf 85' lang='lat' dir='ltr'><strong>firmiin</strong></span> <span class='ocrx_word' id='word_1_98' title='bbox 400 1555 466 1616; x_wconf 85' lang='lat' dir='ltr'><strong>fidc.</strong></span> <span class='ocrx_word' id='word_1_99' title='bbox 508 1557 582 1616; x_wconf 83' lang='lat' dir='ltr'><strong>Haec</strong></span> <span class='ocrx_word' id='word_1_100' title='bbox 605 1557 727 1618; x_wconf 83' lang='lat' dir='ltr'><strong>diceudo</strong></span> <span class='ocrx_word' id='word_1_101' title='bbox 750 1557 823 1636; x_wconf 90' lang='lat' dir='ltr'><strong>quid</strong></span> <span class='ocrx_word' id='word_1_102' title='bbox 847 1557 932 1616; x_wconf 91' lang='lat' dir='ltr'><strong>aliud</strong></span> <span class='ocrx_word' id='word_1_103' title='bbox 957 1558 1090 1618; x_wconf 77' lang='lat' dir='ltr'><strong>dicimus</strong></span> <span class='ocrx_word' id='word_1_104' title='bbox 1107 1556 1152 1615; x_wconf 86' lang='lat' dir='ltr'><strong>uisi</strong></span> 
     </span>
     <span class='ocr_line' id='line_1_13' title="bbox 196 1655 1122 1735; baseline 0 -19"><span class='ocrx_word' id='word_1_105' title='bbox 196 1657 360 1734; x_wconf 83' lang='lat' dir='ltr'><strong>exemplum</strong></span> <span class='ocrx_word' id='word_1_106' title='bbox 373 1657 542 1734; x_wconf 74' lang='lat' dir='ltr'><strong>proferendo</strong></span> <span class='ocrx_word' id='word_1_107' title='bbox 556 1657 626 1716; x_wconf 89' lang='lat' dir='ltr'><strong>dicti</strong></span> <span class='ocrx_word' id='word_1_108' title='bbox 636 1657 730 1734; x_wconf 89' lang='lat' dir='ltr'><strong>ipsius</strong></span> <span class='ocrx_word' id='word_1_109' title='bbox 744 1659 773 1717; x_wconf 75' lang='lat' dir='ltr'><strong>S.</strong></span> <span class='ocrx_word' id='word_1_110' title='bbox 788 1655 879 1730; x_wconf 80' lang='lat' dir='ltr'><strong>Petri,</strong></span> <span class='ocrx_word' id='word_1_111' title='bbox 896 1676 1000 1735; x_wconf 89' lang='lat' dir='ltr'><strong>supra,</strong></span> <span class='ocrx_word' id='word_1_112' title='bbox 1015 1678 1049 1718; x_wconf 89' lang='lat' dir='ltr'><strong>n.</strong></span> <span class='ocrx_word' id='word_1_113' title='bbox 1066 1657 1122 1717; x_wconf 85' lang='lat'><strong>70?</strong></span> 
     </span>
    </p>

    <p class='ocr_par' dir='ltr' id='par_1_3' title="bbox 197 1757 1152 2035">
     <span class='ocr_line' id='line_1_14' title="bbox 238 1757 1150 1836; baseline 0 -22"><span class='ocrx_word' id='word_1_114' title='bbox 238 1762 286 1817; x_wconf 89' lang='grc'><strong>96.</strong></span> <span class='ocrx_word' id='word_1_115' title='bbox 309 1757 352 1816; x_wconf 81' lang='lat'><strong>20.</strong></span> <span class='ocrx_word' id='word_1_116' title='bbox 374 1757 459 1824; x_wconf 81' lang='lat' dir='ltr'><strong>Quod</strong></span> <span class='ocrx_word' id='word_1_117' title='bbox 473 1757 578 1816; x_wconf 88' lang='lat' dir='ltr'><strong>attinet</strong></span> <span class='ocrx_word' id='word_1_118' title='bbox 591 1759 627 1816; x_wconf 89' lang='lat' dir='ltr'><strong>ad</strong></span> <span class='ocrx_word' id='word_1_119' title='bbox 642 1758 713 1816; x_wconf 89' lang='lat' dir='ltr'><strong>alias</strong></span> <span class='ocrx_word' id='word_1_120' title='bbox 734 1757 971 1834; x_wconf 86' lang='lat' dir='ltr'><strong>depravationes,</strong></span> <span class='ocrx_word' id='word_1_121' title='bbox 988 1759 1150 1836; x_wconf 84' lang='lat' dir='ltr'><strong>etquidem,</strong></span> 
     </span>
     <span class='ocr_line' id='line_1_15' title="bbox 198 1856 1151 1934; baseline -0.002 -18"><span class='ocrx_word' id='word_1_122' title='bbox 198 1857 252 1916; x_wconf 85' lang='lat' dir='ltr'><strong>hac</strong></span> <span class='ocrx_word' id='word_1_123' title='bbox 266 1856 330 1934; x_wconf 87' lang='lat' dir='ltr'><strong>ipsa</strong></span> <span class='ocrx_word' id='word_1_124' title='bbox 343 1856 467 1929; x_wconf 90' lang='lat' dir='ltr'><strong>inclusa,</strong></span> <span class='ocrx_word' id='word_1_125' title='bbox 483 1857 519 1915; x_wconf 87' lang='lat' dir='ltr'><strong>ad</strong></span> <span class='ocrx_word' id='word_1_126' title='bbox 533 1876 640 1930; x_wconf 87' lang='lat' dir='ltr'><strong>omncs,</strong></span> <span class='ocrx_word' id='word_1_127' title='bbox 657 1876 755 1916; x_wconf 86' lang='lat' dir='ltr'><strong>earum</strong></span> <span class='ocrx_word' id='word_1_128' title='bbox 769 1856 882 1934; x_wconf 86' lang='lat' dir='ltr'><strong>pariter</strong></span> <span class='ocrx_word' id='word_1_129' title='bbox 895 1857 1014 1934; x_wconf 86' lang='lat' dir='ltr'><strong>optima</strong></span> <span class='ocrx_word' id='word_1_130' title='bbox 1028 1863 1060 1918; x_wconf 88' lang='lat' dir='ltr'><strong>ct</strong></span> <span class='ocrx_word' id='word_1_131' title='bbox 1073 1857 1151 1917; x_wconf 87' lang='lat' dir='ltr'><strong>omni·</strong></span> 
     </span>
     <span class='ocr_line' id='line_1_16' title="bbox 197 1956 1152 2035; baseline 0 -20"><span class='ocrx_word' id='word_1_132' title='bbox 197 1958 252 2016; x_wconf 91' lang='lat' dir='ltr'><strong>bus</strong></span> <span class='ocrx_word' id='word_1_133' title='bbox 275 1956 435 2016; x_wconf 82' lang='lat' dir='ltr'><strong>communis</strong></span> <span class='ocrx_word' id='word_1_134' title='bbox 456 1956 530 2016; x_wconf 85' lang='lat' dir='ltr'><strong>ratic</strong></span> <span class='ocrx_word' id='word_1_135' title='bbox 552 1957 615 2016; x_wconf 87' lang='lat' dir='ltr'><strong>dari</strong></span> <span class='ocrx_word' id='word_1_136' title='bbox 635 1960 739 2035; x_wconf 85' lang='lat' dir='ltr'><strong>potest.</strong></span> <span class='ocrx_word' id='word_1_137' title='bbox 781 1957 829 2016; x_wconf 87' lang='lat' dir='ltr'><strong>Ex</strong></span> <span class='ocrx_word' id='word_1_138' title='bbox 842 1956 906 2015; x_wconf 90' lang='lat' dir='ltr'><strong>illis</strong></span> <span class='ocrx_word' id='word_1_139' title='bbox 926 1957 1010 2017; x_wconf 86' lang='lat' dir='ltr'><strong>enim</strong></span> <span class='ocrx_word' id='word_1_140' title='bbox 1031 1957 1152 2035; x_wconf 82' lang='lat' dir='ltr'><strong>sequitur</strong></span> 
     </span>
    </p>
   </div>
   <div class='ocr_carea' id='block_1_3' title="bbox 197 2061 1196 2140">
    <p class='ocr_par' dir='ltr' id='par_1_4' title="bbox 197 2061 1196 2140">
     <span class='ocr_line' id='line_1_17' title="bbox 197 2061 1196 2140; baseline 0.002 -18"><span class='ocrx_word' id='word_1_141' title='bbox 197 2061 377 2140; x_wconf 78' lang='lat' dir='ltr'><strong>Scripturam</strong></span> <span class='ocrx_word' id='word_1_142' title='bbox 388 2082 448 2123; x_wconf 85' lang='lat' dir='ltr'><strong>csse</strong></span> <span class='ocrx_word' id='word_1_143' title='bbox 458 2062 490 2120; x_wconf 92' lang='lat' dir='ltr'><strong>in</strong></span> <span class='ocrx_word' id='word_1_144' title='bbox 503 2061 605 2122; x_wconf 88' lang='lat' dir='ltr'><strong>multis</strong></span> <span class='ocrx_word' id='word_1_145' title='bbox 619 2062 770 2122; x_wconf 81' lang='lat' dir='ltr'><strong>obscuram</strong></span> <span class='ocrx_word' id='word_1_146' title='bbox 784 2066 815 2122; x_wconf 88' lang='lat' dir='ltr'><strong>ct</strong></span> <span class='ocrx_word' id='word_1_147' title='bbox 829 2062 985 2122; x_wconf 86' lang='lat' dir='ltr'><strong>difficilem</strong></span> <span class='ocrx_word' id='word_1_148' title='bbox 998 2063 1150 2132; x_wconf 78' lang='lat' dir='ltr'><strong>intellectu,</strong></span> <span class='ocrx_word' id='word_1_149' title='bbox 1195 2073 1196 2106; x_wconf 61' lang='lat'>¹</span> 
     </span>
    </p>
   </div>
   <div class='ocr_carea' id='block_1_4' title="bbox 193 2161 1149 2440">
    <p class='ocr_par' dir='ltr' id='par_1_5' title="bbox 193 2161 1149 2440">
     <span class='ocr_line' id='line_1_18' title="bbox 196 2161 1149 2242; baseline 0 -20"><span class='ocrx_word' id='word_1_150' title='bbox 196 2175 226 2222; x_wconf 80' lang='lat' dir='ltr'><strong>ct</strong></span> <span class='ocrx_word' id='word_1_151' title='bbox 239 2161 276 2220; x_wconf 87' lang='lat' dir='ltr'><strong>ad</strong></span> <span class='ocrx_word' id='word_1_152' title='bbox 287 2163 421 2239; x_wconf 76' lang='lat' dir='ltr'><strong>dogmata</strong></span> <span class='ocrx_word' id='word_1_153' title='bbox 433 2161 503 2221; x_wconf 88' lang='lat' dir='ltr'><strong>fidei</strong></span> <span class='ocrx_word' id='word_1_154' title='bbox 517 2183 556 2222; x_wconf 83' lang='lat' dir='ltr'><strong>cx</strong></span> <span class='ocrx_word' id='word_1_155' title='bbox 576 2183 609 2222; x_wconf 91' lang='lat' dir='ltr'><strong>ca</strong></span> <span class='ocrx_word' id='word_1_156' title='bbox 629 2161 809 2222; x_wconf 82' lang='lat' dir='ltr'><strong>conficienda</strong></span> <span class='ocrx_word' id='word_1_157' title='bbox 823 2181 886 2222; x_wconf 90' lang='lat' dir='ltr'><strong>non</strong></span> <span class='ocrx_word' id='word_1_158' title='bbox 899 2183 962 2224; x_wconf 84' lang='lat' dir='ltr'><strong>esse</strong></span> <span class='ocrx_word' id='word_1_159' title='bbox 974 2164 988 2242; x_wconf 87' lang='lat' dir='ltr'>j</span> <span class='ocrx_word' id='word_1_160' title='bbox 993 2164 1089 2224; x_wconf 83' lang='lat' dir='ltr'><strong>udicio</strong></span> <span class='ocrx_word' id='word_1_161' title='bbox 1101 2165 1149 2242; x_wconf 87' lang='lat' dir='ltr'><strong>pri·</strong></span> 
     </span>
     <span class='ocr_line' id='line_1_19' title="bbox 196 2261 1149 2343; baseline -0.001 -21"><span class='ocrx_word' id='word_1_162' title='bbox 196 2267 264 2322; x_wconf 83' lang='lat' dir='ltr'><strong>vato</strong></span> <span class='ocrx_word' id='word_1_163' title='bbox 287 2262 338 2320; x_wconf 87' lang='lat' dir='ltr'><strong>scd</strong></span> <span class='ocrx_word' id='word_1_164' title='bbox 361 2261 526 2338; x_wconf 84' lang='lat' dir='ltr'><strong>magisterio</strong></span> <span class='ocrx_word' id='word_1_165' title='bbox 550 2262 688 2343; x_wconf 73' lang='lat' dir='ltr'><strong>Ecclesia</strong></span> <span class='ocrx_word' id='word_1_166' title='bbox 716 2262 987 2340; x_wconf 85' lang='lat' dir='ltr'><strong>interpretandam,</strong></span> <span class='ocrx_word' id='word_1_167' title='bbox 1018 2269 1106 2324; x_wconf 83' lang='lat' dir='ltr'><strong>etex</strong></span> <span class='ocrx_word' id='word_1_168' title='bbox 1123 2283 1149 2321; x_wconf 83' lang='lat' dir='ltr'><strong>ec</strong></span> 
     </span>
     <span class='ocr_line' id='line_1_20' title="bbox 193 2360 1149 2440; baseline -0.002 -20"><span class='ocrx_word' id='word_1_169' title='bbox 193 2360 306 2440; x_wconf 86' lang='lat' dir='ltr'><strong>judicio</strong></span> <span class='ocrx_word' id='word_1_170' title='bbox 333 2361 448 2438; x_wconf 85' lang='lat' dir='ltr'><strong>privato</strong></span> <span class='ocrx_word' id='word_1_171' title='bbox 474 2361 668 2440; x_wconf 84' lang='lat' dir='ltr'><strong>interpretata</strong></span> <span class='ocrx_word' id='word_1_172' title='bbox 704 2382 802 2422; x_wconf 90' lang='lat' dir='ltr'><strong>omncs</strong></span> <span class='ocrx_word' id='word_1_173' title='bbox 834 2363 1066 2440; x_wconf 80' lang='lat' dir='ltr'><strong>depravationes</strong></span> <span class='ocrx_word' id='word_1_174' title='bbox 1095 2363 1149 2422; x_wconf 88' lang='lat' dir='ltr'><strong>illas</strong></span> 
     </span>
    </p>
   </div>
   <div class='ocr_carea' id='block_1_5' title="bbox 197 2481 322 2521">
    <p class='ocr_par' dir='ltr' id='par_1_6' title="bbox 197 2481 322 2521">
     <span class='ocr_line' id='line_1_21' title="bbox 197 2481 322 2521; baseline -0.016 0"><span class='ocrx_word' id='word_1_175' title='bbox 197 2481 322 2521; x_wconf 70' lang='lat' dir='ltr'><strong>manare.</strong></span> 
     </span>
    </p>
   </div>
   <div class='ocr_carea' id='block_1_6' title="bbox 0 0 1208 4304">
    <p class='ocr_par' dir='ltr' id='par_1_7' title="bbox 0 0 1208 4304">
     <span class='ocr_line' id='line_1_22' title="bbox 0 0 1208 4304; baseline 0 0"><span class='ocrx_word' id='word_1_176' title='bbox 0 0 1208 4304; x_wconf 95' lang='lat' dir='ltr'><strong> </strong></span> 
     </span>
    </p>
   </div>
  </div>
 </body>
</html>
