2410 4318
41 484 154 543 mer.
176 465 270 562 vna]
322 461 502 541 Cauerdziz
520 459 648 540 &atris
661 477 695 541 et
708 459 899 544 assertant.
968 484 1030 560 239

42 641 257 703 Concursum
280 639 365 701 illum
387 640 505 701 omnino
526 639 624 720 rejicit
645 641 779 718 Momm,
801 643 831 703 et
853 640 954 716 alium,
978 641 1031 720 qui

44 741 262 803 concomitans
282 760 333 802 seu
353 740 544 802 simultaneus
563 747 691 816 vocatur,
706 747 1031 821 propugnat-concur·

45 859 129 901 sum
154 839 229 898 dico
251 839 447 900 universalem
465 845 497 902 et
517 841 554 901 ed
575 841 756 919 operationes
776 861 849 916 pure
872 841 1029 916 naturales,

46 941 125 1000 sire
140 939 258 999 liberas
272 939 332 1001 aive
345 939 536 1001 necessarias:
560 941 633 1018 quid
646 943 745 1002 auum
766 941 922 1003 dicendum
936 946 981 1004 est
993 942 1030 1001 de

48 1057 218 1100 concursu
240 1038 278 1098 ad
301 1058 388 1116 opera
412 1039 643 1117 supernaturalia
663 1039 722 1100 vid.
741 1039 829 1115 infra,
854 1059 885 1100 n.
906 1043 955 1114 89,
977 1042 1028 1101 &a

48 1139 104 1199 De
129 1137 195 1197 illo
220 1156 361 1198 concursu
380 1137 443 1198 haec
466 1139 554 1199 habet
577 1144 677 1199 auctor
698 1139 786 1213 idem,
809 1140 831 1199 1.
846 1158 870 1200 a
885 1139 913 1200 d.
929 1144 1028 1201 26:—

51 1242 74 1273 “
88 1235 276 1298 Dicendum
297 1241 349 1309 eat,
364 1237 460 1298 Deum
480 1237 645 1299 immediate
659 1237 873 1300 immediatione
887 1238 1030 1317 suppositi
1128 1315 1129 1318 Ἴ

51 1337 106 1418 [et
121 1357 194 1398 non
214 1337 275 1397 sola
288 1336 505 1399 immediatione
518 1337 638 1399 virtutis
656 1337 751 1400 causis
764 1339 897 1400 secundis
910 1339 1026 1419 inditoe]

53 1457 244 1500 concurrere
264 1457 331 1499 curn
351 1439 445 1500 causis
464 1439 598 1501 secundis
621 1441 658 1500 ad
678 1459 777 1501 earum
796 1439 977 1518 operationes
997 1446 1028 1500 et

52 1539 214 1600 effectus:
239 1535 283 1598 ita
302 1537 438 1600 videlicet
457 1543 502 1614 ut,
530 1539 774 1618 quemadmodum
797 1559 883 1600 causa
902 1541 1029 1601 secunda

54 1637 242 1699 immediate
268 1636 351 1698 elicit
371 1657 453 1698 auam
474 1638 678 1716 operationem,
708 1642 737 1699 et
759 1657 812 1717 per
837 1658 900 1699 eam
926 1639 1026 1699 termi-

54 1757 134 1798 num
163 1755 222 1798 seu
243 1737 379 1798 effectum
401 1737 547 1815 producit,
570 1739 611 1799 sic
632 1739 712 1799 Deus
735 1758 876 1799 concursu
902 1739 1027 1815 quodam
1055 1785 1057 1790 .

57 1836 201 1914 generali
234 1836 401 1897 immediate
436 1835 543 1898 influat
575 1857 643 1898 cum
674 1857 709 1899 ea
741 1839 774 1897 in
806 1837 926 1898 eandem
959 1857 1026 1916 ope·

54 1935 222 2010 rationem,
253 1939 284 1995 et
312 1953 364 2012 per
390 1935 586 2012 operationem
617 1956 667 1997 seu
697 1937 840 1998 actionem
868 1936 1026 1998 terminum

57 2033 146 2097 illius
168 2039 261 2112 atque
275 2033 410 2096 effectum
429 2035 578 2112 producat.
620 2037 685 2104 Quo
704 2036 740 2097 flt
752 2041 789 2098 nt
802 2055 956 2096 concursus
969 2037 1026 2096 Dei

57 2133 213 2211 generalis
225 2153 281 2194 non
306 2133 345 2194 sit
357 2133 489 2194 influxus
510 2134 566 2195 Dei
590 2136 620 2195 a'a
640 2154 750 2196 eausam
772 2137 927 2210 secandam,
942 2135 1027 2214 qussi

60 2235 116 2295 illa
141 2255 174 2295 eo
183 2233 274 2312 priua
296 2239 452 2314 metasset
464 2239 490 2294 ot
497 2236 638 2312 prodeest
659 2255 740 2296 asum
760 2231 890 2313 affecturi,
913 2237 963 2296 sed
987 2236 1026 2297 sit

40 2353 44 2360 ·
59 2333 203 2394 influxus
227 2334 395 2394 immediata
416 2353 484 2394 eum
497 2353 593 2411 ,causa
614 2335 645 2393 s'n
659 2335 739 2394 allius
752 2337 886 2394 actionem
907 2340 935 2394 et
948 2333 1022 2413 affie-

61 2433 155 2494 tam.’'
200 2432 293 2505 Alibi,
308 2452 397 2511 prope
416 2433 505 2492 finem
525 2433 655 2510 ejusdem
669 2432 755 2510 disp,
778 2434 840 2493 haec
853 2435 964 2510 profert
975 2455 1024 2494 :-

64 2535 175 2592 “Cum
198 2532 375 2610 perspiceret
394 2530 506 2613 [Deus]
530 2551 629 2591 causas
653 2531 802 2605 secundas,
818 2533 926 2609 quibus
946 2533 1024 2593 sires

64 2632 298 2710 adoperandum
317 2633 464 2692 statuebat
483 2633 621 2703 conferre,
636 2630 711 2689 nihil
730 2631 848 2690 omnino
868 2651 950 2708 posse
964 2633 1022 2691 effi·

63 2749 137 2804 cere,
153 2731 215 2790 nisi
237 2749 297 2789 una
320 2749 386 2790 cum
399 2731 460 2790 illis
482 2731 513 2789 in
535 2728 714 2814 operationes
736 2735 765 2790 et
778 2730 899 2790 effectus
922 2749 1022 2791 earum

64 2827 128 2905 ipse
149 2829 298 2902 influeret,
314 2833 423 2888 aterna
446 2847 499 2887 sua
511 2829 663 2889 voluntate
686 2829 791 2890 statuit
809 2828 853 2889 ita
866 2848 1022 2890 accommo-

66 2927 134 2987 dare
148 2933 180 2988 et
194 2927 278 3006 quasi
298 2932 488 3006 attemperare
508 2945 594 2987 suum
613 2925 769 2999 inflexum,
786 2931 875 3007 atqua
891 2949 923 2988 eo
937 2930 1021 2989 modo

68 3027 214 3088 auxilium
238 3047 271 3088 ac
284 3028 426 3107 juvamen
439 3028 499 3088 illis
512 3029 649 3101 conferre,
672 3033 779 3088 utnon
800 3030 862 3106 ipse
886 3031 964 3090 solus
985 3032 1022 3090 ad

68 3144 167 3187 earum
194 3127 380 3205 praesentiam
406 3129 535 3188 actiones
560 3132 591 3188 et
617 3128 737 3188 effeetus
762 3130 943 3206 produceret,
971 3131 1020 3190 aed

69 3239 148 3281 auam
167 3222 254 3281 boam
274 3227 356 3300 atque
369 3221 507 3299 istflaaum
525 3222 640 3282 cirillia
659 3223 836 3302 relinqueret,
858 3234 888 3283 at
901 3225 1019 3300 operati·

70 3339 131 3380 osa
144 3325 171 3381 st
184 3321 292 3400 effeetus
310 3327 396 3382 essent
404 3323 524 3398 proprii
542 3343 645 3397 amum,
669 3326 748 3402 quod
766 3325 799 3384 in
822 3329 1019 3384 creaturarum

72 3419 240 3498 dignitatem
260 3425 450 3484 redundabat.
491 3425 560 3502 Ipse
573 3443 640 3484 vero
660 3425 778 3484 influxu
795 3425 920 3502 quodam
933 3428 1019 3486 rebus

72 3522 202 3584 omnibus
214 3525 368 3598 communi,
385 3523 437 3602 qni
455 3543 507 3602 pro
528 3523 704 3586 diversitate
715 3543 905 3585 concursuum
919 3545 1017 3587 causa·

73 3635 135 3678 rum
155 3623 345 3684 secundarum
358 3623 395 3682 ad
407 3625 501 3683 varias
521 3627 699 3702 operationes
719 3629 749 3684 et
762 3624 882 3685 affectus
895 3625 1018 3686 distrahi

74 3734 104 3776 ac
123 3717 244 3782 limitari
268 3727 365 3800 posset
385 3724 459 3801 (qua
484 3724 596 3784 ratione
619 3741 773 3784 concursus
796 3724 937 3800 generalis
959 3725 1016 3785 Dei

75 3819 197 3907 dicitur),
217 3827 366 3908 suppleret
387 3840 485 3888 earum
508 3827 746 3906 imbecillitatem,
762 3831 822 3890 tam
837 3830 931 3910 quoad
949 3849 1014 3910 pro·
1090 3847 1091 3852 ’
