2424 4300
66 399 160 444 nrsr.
180 378 251 462 vn]
305 377 360 441 De
379 375 500 442 Gratia
516 378 608 446 Med.
625 379 914 467 staffilem—neg.
986 387 1043 464 165

65 544 271 615 exhibentur,
289 545 319 602 et
330 542 393 602 vice
403 563 504 618 versa;
526 547 689 606 mandando
711 547 844 608 timorem
857 548 915 608 Dei
927 549 1046 608 manda-

65 651 118 706 tur
133 646 298 720 sanctitas,
312 643 456 704 laudando
471 647 607 707 timentes
615 649 712 708 Deum
726 648 883 709 laudantur
892 650 1044 721 utsancti;

65 746 142 806 adeo
159 748 198 804 ut
214 745 326 804 timere
339 744 435 803 Dcum
449 748 479 804 et
493 765 555 805 esse
565 747 681 823 justum
696 748 780 825 quasi
791 749 869 806 idem
884 755 995 809 sonent.

109 848 185 904 *28.
210 845 306 904 Hanc
320 844 592 922 interpretationem
605 850 703 906 tenere
717 847 834 907 videtur
846 848 874 907 S.
891 850 1045 908 Hierosr·

65 966 129 1006 nus
151 945 188 1004 in
204 944 283 1004 Isai.
300 943 362 1003 lxv.
378 949 427 1017 21,
443 949 490 1004 22.
531 946 597 1005 Etsi
620 950 726 1018 autem,
753 947 778 1006 si
800 948 862 1006 haec
884 967 953 1006 vera
975 949 1043 1022 sint,

67 1045 257 1106 obstetrices
283 1044 443 1104 meruerint
464 1044 616 1122 premium
638 1045 764 1118 eoeleste,
789 1046 964 1106 hortamen
988 1068 1046 1106 non

67 1147 284 1218 memoratur;
313 1143 422 1202 etenim
452 1149 470 1178 “
482 1143 515 1202 in
536 1133 628 1204 veteri
660 1148 831 1203 testamento
862 1145 941 1204 Deus
971 1147 1046 1206 illud

69 1245 195 1305 coeleste
210 1244 371 1322 praemium
394 1263 452 1302 non
475 1243 548 1304 solet
562 1243 741 1322 exprimerc;
762 1244 831 1320 quia
843 1244 863 1303 J
863 1245 954 1304 udaeis
967 1245 1046 1305 rudi-

68 1347 128 1404 bus
143 1348 177 1405 et
191 1344 365 1405 carnalibus
377 1344 439 1404 fere
453 1347 570 1404 tantum
584 1343 719 1420 proponit
732 1343 852 1420 praemia
865 1345 1044 1422 temporalia,

71 1467 169 1525 eaque
196 1447 344 1524 quinque,
370 1448 410 1505 &c
413 1489 543 1506 .....
566 1447 712 1522 Expressa
732 1444 810 1505 enim
823 1445 907 1521 regni
921 1447 1046 1506 coelestis

72 1548 192 1605 etvitae
208 1550 332 1606 aeternae
356 1545 506 1622 promissio
530 1544 647 1622 propria
669 1549 714 1604 est
737 1544 806 1603 novi
830 1546 995 1604 testamenti
1016 1550 1047 1606 et

73 1646 244 1721 Evangelii
275 1644 393 1716 Christi,
422 1645 465 1704 ait
494 1645 523 1704 S.
554 1647 685 1704 Ilissos.
714 1645 751 1703 ad
777 1644 976 1703 Dardanum.'’
1007 1646 1044 1704 A.

73 1743 194 1802 Lsrmn
208 1743 243 1800 in
258 1743 313 1802 loc.
329 1762 403 1801 vers.
419 1746 465 1800 21.
507 1743 555 1801 Ex
569 1743 616 1803 his
630 1763 697 1818 ergo
708 1748 827 1821 apparet
841 1749 1044 1819 argumentum

75 1861 114 1900 ex
135 1844 194 1902 hoc
215 1845 306 1902 textu
327 1842 472 1901 incertum
493 1861 554 1901 esse
578 1843 627 1921 (ut
652 1844 766 1902 Sesars
789 1846 896 1904 sentire
917 1845 1044 1916 videtur,

75 1943 98 2002 l.
118 1948 144 2016 l,
162 1963 189 2004 c.
202 1950 232 2016 6,
251 1964 281 2002 n.
299 1945 339 2020 6),
357 1963 407 2002 seu
421 1944 520 2021 potius
533 1945 618 2021 plane
632 1946 758 2004 nullum.

119 2045 190 2104 ⁴⁶29.
216 2045 302 2104 Idem
316 2044 471 2102 dicendum
493 2063 553 2103 esse
577 2065 678 2105 censeo
698 2046 734 2104 de
754 2051 924 2122 argumento
939 2047 1047 2124 quoda

79 2142 264 2219 quibusdam
287 2143 433 2220 profertur
456 2163 494 2203 ex
518 2144 614 2215 Josue,
636 2145 669 2205 ii.
709 2146 775 2204 Etsi
800 2146 878 2204 enim
902 2147 1045 2205 incertum

79 2245 119 2304 sit
139 2249 250 2306 utrum
270 2245 371 2304 Rahab
393 2245 482 2304 fuerit
504 2265 556 2323 per
580 2247 782 2306 contritionem
799 2246 962 2323 justificata
981 2252 1048 2324 post

80 2349 217 2421 receptos
243 2345 441 2422 exploratores
464 2348 582 2404 stante
607 2366 654 2405 eos
674 2346 855 2404 absconditos
882 2349 934 2404 aut
958 2345 989 2404 in
1009 2346 1047 2404 iis

80 2444 296 2504 abscondendis
311 2444 402 2521 (quod
414 2445 489 2503 mihi
503 2445 588 2504 valde
602 2445 751 2521 probabile
765 2448 818 2516 est,
833 2445 994 2521 praesertim
1008 2465 1047 2504 ex

83 2544 100 2601 d
105 2545 186 2604 acob.
202 2545 237 2605 ii.
255 2548 291 2602 25
307 2549 337 2603 et
357 2544 445 2603 etiam
466 2544 684 2621 aliquantulum
707 2563 743 2602 ex
768 2545 843 2603 Heb.
860 2543 902 2602 xi.
919 2545 982 2622 31),
1009 2565 1047 2603 an

82 2663 152 2704 vero
166 2650 271 2722 postea
284 2665 351 2703 oum
364 2645 500 2703 Ecclesiae
513 2647 532 2704 J
535 2645 643 2705 udaicoe
663 2645 825 2704 consociata
844 2649 918 2729 esset
933 2645 966 2722 (J
967 2665 1044 2717 osne,

85 2745 125 2806 vi.
142 2751 200 2820 253
215 2749 311 2806 Matr.
325 2747 346 2806 i.
359 2753 407 2824 5);
430 2747 501 2806 satis
524 2751 621 2806 tamen
645 2749 727 2823 patet
749 2765 821 2818 eam,
847 2766 904 2822 quo
918 2749 1047 2822 tempore

85 2848 285 2908 abscondebat
297 2849 502 2925 exploratores,
517 2848 602 2906 fidem
613 2847 747 2907 habuisse
756 2867 853 2906 veram
869 2853 898 2906 et
908 2847 1045 2919 infusam,

88 2945 148 3006 imo
172 2950 262 3010 fidem
283 2950 368 3008 valde
392 2949 515 3009 firmam.
568 2947 607 3007 1⁰.
638 2948 811 3019 Incredibile
834 2953 879 3009 est
903 2968 966 3008 eam
989 2933 1069 3008 non

89 3047 185 3107 solum
200 3070 283 3109 suam
306 3049 431 3126 patriam
455 3053 485 3108 et
506 3048 660 3125 populares
682 3068 748 3106 snos
772 3052 855 3109 tanto
875 3049 969 3108 studio
983 3069 1047 3125 pro·

91 3148 209 3224 didisse,
237 3157 266 3210 et
289 3151 321 3209 id
344 3151 375 3208 in
400 3150 525 3226 gratiam
548 3150 671 3208 duorum
695 3153 881 3209 externorum
895 3147 950 3208 sibi
964 3153 1048 3210 antea

92 3251 260 3326 ignotorum
268 3273 275 3323 ;
291 3251 439 3311 sedetiam
452 3270 540 3328 grave
553 3250 796 3328 periculumvitae
812 3270 871 3310 suae
886 3253 916 3310 et
929 3269 1047 3309 suorum

94 3351 237 3427 subiisse;
258 3351 316 3410 nisi
334 3372 372 3411 ex
396 3351 487 3426 signis
500 3351 586 3410 certis
600 3370 633 3410 ea
647 3369 711 3426 quse
726 3353 850 3409 ventura
863 3353 959 3410 essent
973 3350 1047 3409 didi·

95 3449 189 3524 cisset,
206 3453 305 3512 etheo
316 3451 350 3512 et
364 3451 533 3512 absolutaet
543 3450 707 3510 omnimoda
719 3451 858 3509 firmitate
872 3448 942 3508 fidei
952 3449 1045 3508 credi-

97 3549 195 3627 disset,
210 3572 274 3630 quae
289 3573 327 3612 ex
341 3553 401 3612 sola
420 3553 516 3629 gratia
530 3552 691 3629 etquidem
706 3551 814 3612 eximia
827 3549 927 3609 haberi
941 3553 1044 3626 potest.

98 3651 141 3713 2⁰.
161 3653 247 3721 Quod
260 3655 348 3716 etiam
363 3675 401 3715 ex
414 3655 484 3732 ipsis
498 3655 593 3716 verbis
607 3656 806 3731 constatque
827 3652 931 3712 habuit
945 3651 1045 3711 Rahab
