2402 4292
62 395 166 446 mer.
183 371 290 464 vui]
342 373 522 444 Concordia
540 372 665 444 Grotioe
679 377 912 445 ele'bertotis.
984 396 1048 464 279

62 545 166 624 plicis
182 544 401 622 intelligentiae
414 543 527 604 nullam
540 546 740 625 praesupponit
759 546 919 618 scientiam,
933 548 964 608 ot
977 566 1050 626 prae·

65 644 274 723 supponitur
287 645 323 704 ab
337 644 471 704 omnibus
485 644 569 706 aliis:
592 646 714 706 scientie
726 665 794 707 vero
814 641 1049 724 mediuprmsup-

61 745 165 823 ponit
180 743 346 805 scientiam
359 743 500 822 simplicis
513 743 726 821 intelligentiae,
743 749 773 806 et
785 747 1021 825 praesupponitur
1034 767 1052 808 u

65 843 212 906 scicntia
227 843 360 917 visionis,
377 843 460 921 atqui
473 843 515 904 ite
528 844 604 904 inter
614 851 770 923 utramque
782 846 901 906 mediat.

115 948 194 1006 104.
225 948 250 978 “
261 943 428 1004 Futuribile
450 947 495 1004 est
514 943 546 1002 id
566 944 644 1022 quod
657 945 792 1006 futurum
807 949 891 1017 esset,
908 944 933 1006 si
946 945 1048 1006 futura

66 1047 153 1104 esset
167 1042 282 1121 alique
294 1042 442 1104 conditior
464 1042 526 1104 sire
546 1043 635 1104 estid
648 1044 727 1123 quod
746 1048 830 1118 esset,
846 1043 872 1104 si
891 1049 1048 1122 poneretur

67 1145 183 1224 aliqua
199 1143 345 1205 conditio.
387 1143 418 1204 N
418 1164 465 1204 am
482 1145 616 1205 futurum
635 1144 832 1206 conditionate
851 1165 911 1206 non
925 1149 969 1207 est
980 1165 1047 1224 pro-

67 1243 140 1322 prie
153 1245 314 1318 futurum,
329 1242 379 1304 sed
397 1248 472 1304 emet
492 1244 636 1316 futurum,
656 1245 682 1304 si
697 1247 854 1323 poneretur
873 1246 1049 1325 aliquueon·

67 1345 161 1406 ditio.
209 1344 384 1406 Futuribile
398 1344 510 1424 duplex
522 1350 576 1420 est,
591 1365 704 1424 nempe,
726 1347 919 1407 necessarium
933 1351 963 1408 et
975 1346 1049 1408 libe·

68 1465 152 1508 rum.
208 1446 420 1509 Necessarium
443 1450 488 1508 est
523 1448 600 1508 illud
630 1449 709 1526 quod
735 1447 896 1509 necessario
916 1448 1050 1508 futurum

69 1551 163 1622 esset,
192 1547 223 1608 si
251 1552 407 1625 poneretur
430 1546 531 1625 ulique
554 1547 692 1622 conditio,
718 1548 780 1610 eive
799 1549 877 1626 quod
890 1548 1049 1610 necessario

71 1651 155 1706 esset
169 1645 279 1724 posite
291 1645 392 1724 alique
404 1645 587 1706 conditione:
610 1646 678 1706 telis
697 1650 742 1706 est
761 1646 839 1706 calor
857 1646 998 1708 intensior
1011 1666 1050 1708 ex

70 1744 250 1824 hypothesi
262 1745 380 1823 majoris
392 1743 478 1821 ignis.
518 1745 604 1806 Unde
623 1745 752 1822 pertinet
770 1745 808 1806 ad
828 1744 979 1806 seientiam
998 1763 1050 1806 ne·

73 1845 255 1918 cessariam,
270 1864 383 1923 nempe,
393 1845 544 1906 seientiam
555 1845 694 1922 simplicis
702 1844 914 1921 intelligentie.
955 1845 1016 1904 Fut
1037 1877 1047 1892 ·

72 1945 165 2006 ribile
190 1947 336 2019 liberum,
372 1945 450 2023 quod
479 1950 524 2006 est
550 1945 695 2023 objectum
718 1944 846 2005 scientiae
867 1944 979 2020 mediae,
1006 1949 1051 2005 est

74 2043 157 2104 illud
172 2043 262 2123 quod
275 2044 365 2105 libere
388 2045 522 2105 futurum
543 2049 627 2118 esset,
651 2045 676 2104 si
699 2048 854 2123 poneretur
874 2045 1050 2123 aliquacon·

76 2145 164 2218 ditio,
196 2146 266 2206 sive
294 2144 371 2224 quod
398 2144 489 2207 libere
524 2150 599 2207 esset
625 2145 721 2225 posita
746 2147 846 2224 aliqua
873 2146 1049 2208 conditione.

77 2245 162 2306 Telis
177 2250 228 2310 est
245 2245 392 2307 conversio
406 2247 487 2308 Petri
496 2266 535 2308 ex
548 2247 705 2325 hypothesi
717 2248 786 2308 talis
799 2248 909 2324 gratim.

131 2350 206 2408 105.
243 2345 441 2406 “Futnribile
463 2347 589 2408 liberum
612 2347 724 2424 duplex
745 2351 799 2419 est,
824 2365 916 2407 unum
940 2347 1051 2408 scilieet

78 2444 245 2507 futuribile
259 2449 386 2519 tantum,
397 2450 426 2507 et
436 2446 560 2506 ultorum
570 2446 724 2506 futuribile
734 2449 765 2507 et
773 2446 916 2506 futurum.
954 2446 1050 2506 Futu-

81 2543 173 2605 ribile
184 2549 306 2606 tentum
319 2549 364 2606 est
376 2545 452 2606 illud
466 2544 544 2624 quod
557 2545 713 2622 aliquando
726 2550 811 2618 esset,
826 2545 852 2604 si
865 2548 940 2605 esset
952 2545 1051 2623 eliqua

81 2645 236 2714 conditio:
259 2647 311 2707 sed
323 2667 478 2726 nunquam
498 2647 564 2721 erit,
586 2647 656 2723 quia
679 2665 831 2725 nunquam
846 2646 904 2706 erit
917 2647 969 2706 illa
982 2665 1050 2706 oon·

85 2745 171 2809 ditio.
216 2748 299 2810 Talis
312 2749 373 2810 fuit
385 2749 565 2828 poenitentia
584 2749 738 2827 Tyriorum
758 2767 810 2826 pro
824 2751 953 2826 tempore
967 2751 1049 2808 ante-

89 2847 215 2908 cedente
239 2848 401 2912 adventum
425 2849 555 2912 Christi:
585 2871 653 2910 nam
670 2852 770 2912 futura
792 2848 905 2923 fuisset,
926 2848 951 2910 si
973 2849 1050 2927 apud

91 2943 160 3006 illos
173 2949 279 3009 futura
292 2949 396 3010 fuisset
408 2949 576 3027 predicatio
590 2950 701 3011 Christi
714 2951 778 3029 conj
783 2953 872 3010 uncta
885 2969 952 3010 cum
964 2949 1051 3008 mira·

90 3047 168 3108 culis
185 3072 195 3122 ς
217 3069 285 3128 quoe
298 3054 397 3111 tumen
419 3051 521 3112 futura
543 3072 602 3112 non
624 3052 692 3126 fuit,
716 3053 795 3114 unde
807 3071 861 3112 nec
874 3052 973 3126 future
991 3050 1051 3110 fuit

93 3146 254 3225 Tyriorum
273 3151 459 3229 poenitentia.
500 3153 667 3214 Futuribile
689 3153 830 3214 simulet
852 3154 987 3213 futurum
1006 3154 1052 3212 est

91 3245 170 3308 illud
184 3251 222 3312 de
237 3271 295 3330 quo
308 3271 411 3314 rerum
425 3255 469 3314 est
481 3252 586 3328 dicere,
608 3257 684 3314 esset
697 3253 722 3314 si
736 3257 810 3314 esset
829 3252 898 3312 talis
912 3250 1048 3324 conditio,

94 3346 125 3402 et
138 3345 235 3424 reipsa
248 3348 304 3410 erit
317 3349 387 3428 quie
400 3350 457 3412 erit
475 3351 544 3412 tulis
563 3352 714 3413 eonditio.·
741 3352 821 3414 Talis
830 3352 889 3412 fuit
902 3351 1050 3412 conversio

95 3441 278 3521 Magdalenee
293 3468 301 3509 ε
322 3469 391 3510 nem
402 3469 455 3529 pro
467 3454 597 3531 tempore
617 3453 804 3514 antecedente
816 3451 1051 3529 pradicationem

98 3541 210 3628 Christi
222 3565 289 3610 rere
302 3548 361 3610 dici
373 3551 479 3630 potuit,
495 3551 669 3628 Magdalena
678 3554 902 3624 converteretur,
917 3549 943 3610 ei
956 3548 1051 3610 adiret

100 3638 250 3727 cursum
262 3651 293 3710 et
305 3649 464 3727 taligratia
472 3651 650 3714 excitaretur
666 3674 675 3726 3
694 3653 789 3729 reipsa
796 3649 969 3728 Magdelene
981 3665 1049 3710 eon·
