2410 4314
162 365 204 426 40
533 338 588 404 De
606 334 736 404 Gratti.
964 332 1070 419 [urse.
1089 355 1124 398 11.

160 511 267 572 rustico
291 507 343 585 qui
361 507 478 578 diceret,
503 511 521 539 ‘⁴
533 505 598 564 volo
619 523 681 564 esse
701 501 826 578 regem,’'
849 503 889 573 et,
905 501 961 561 hoc
981 501 1126 579 possibile

44 609 47 615 ’
161 631 222 672 esse
239 609 383 688 judicans,
397 610 515 685 paratus
535 608 611 666 esset
631 603 727 664 media
751 600 887 662 adhibere
911 603 949 661 ad
970 621 1003 661 sa
1025 622 1126 679 regem

161 711 412 774 constituendum:
440 711 470 769 et
494 705 669 768 desiderium
692 703 751 764 tale
774 702 891 762 omnino
914 703 1090 762 excludunt
1112 723 1128 760 a

161 817 265 874 natura
277 831 361 891 pura.
403 808 479 868 Mihi
493 808 619 878 videtur,
635 804 859 883 sapientioribus
879 824 927 864 me
947 804 1125 874 remittenti,

164 914 195 972 in
209 916 288 975 statu
301 914 413 972 naturae
426 909 538 968 nullam
552 907 613 966 fore
631 905 824 984 cognitionem
845 908 898 964 aut
911 904 1068 964 notionem
1084 924 1127 962 or-

166 1016 244 1075 dinis
270 1019 301 1075 et
326 1011 519 1074 beatitudinis
541 1007 777 1088 supernaturalis,
802 1010 905 1085 utpote
928 1026 1030 1067 rerum
1059 1025 1128 1084 quae

165 1120 277 1176 naturas
303 1133 383 1192 purae
411 1115 507 1173 totum
533 1111 673 1170 ambitum
701 1106 815 1169 tantdm
841 1109 1069 1181 transcendunt,
1101 1111 1129 1166 et

165 1216 285 1294 proinde
304 1214 420 1273 nullum
439 1233 538 1273 earum
558 1215 661 1290 utpote
682 1210 845 1288 ignotarum
865 1209 1049 1288 cupidinem,
1067 1209 1129 1268 sive

167 1317 329 1377 absolutam
342 1315 403 1374 sive
416 1313 651 1374 conditionatum.

207 1418 279 1477 ⁴⁴75.
308 1415 429 1492 Urqctau
444 1419 471 1485 4,
487 1433 524 1473 ex
536 1413 566 1473 S.
582 1411 903 1484 Ansnsr1n0,(lonfess.
922 1410 943 1469 l.
960 1413 986 1482 l,
1003 1430 1031 1470 c.
1050 1415 1128 1470 1:-

171 1525 189 1554 “
201 1517 332 1578 Laudare
344 1520 375 1577 ts
389 1515 454 1576 vult
466 1515 561 1588 homo,
575 1513 671 1590 aliqua
685 1511 779 1590 portio
793 1515 932 1572 creaturae
947 1514 1017 1572 tnae.
1037 1557 1043 1570 .
1068 1556 1075 1569 .
1097 1559 1104 1572 .
1121 1559 1126 1571 .

169 1620 213 1678 'lu
229 1618 339 1688 excitas
352 1620 386 1676 ut
398 1616 517 1676 laudaro
530 1619 559 1676 te
573 1615 711 1675 delectet:
733 1615 802 1693 quia
815 1613 910 1674 fecisti
924 1633 978 1673 nos
991 1615 1031 1673 ad
1045 1617 1086 1686 te,
1100 1625 1127 1673 et

170 1718 335 1796 inquietum
356 1721 400 1777 est
413 1737 461 1776 cor
473 1719 606 1776 nostrum
620 1717 709 1777 donec
723 1716 885 1794 requiescat
898 1715 931 1774 in
944 1714 1004 1775 te.”
1049 1717 1127 1792 Ergo

170 1817 282 1878 homini
301 1817 377 1877 inest
397 1815 569 1876 desiderium
590 1817 721 1876 naturale
743 1815 863 1876 visionis
883 1815 1038 1889 beatificas,
1062 1834 1127 1894 quse

172 1919 206 1978 ed
219 1917 280 1977 solt
293 1916 392 1976 satiari
404 1920 507 1993 potest.
895 1903 898 1908 ¹

210 2018 283 2078 ³⁶76.
303 2020 387 2093 neap.
413 2018 453 2076 10.
473 2017 538 2076 Non
555 1999 648 2076 solum
666 2036 705 2076 ex
724 2017 961 2076 antecedentibus
975 2021 1006 2077 et
1027 2037 1125 2078 conse·

172 2119 338 2196 quentibus,
355 2119 403 2178 sed
418 2137 455 2178 ex
468 2117 530 2194 ipso
543 2121 630 2178 textu
644 2119 764 2196 objecto,
780 2121 893 2178 constat
908 2118 937 2178 S.
953 2119 1031 2178 Aue.
1046 2119 1127 2196 loqui

173 2220 209 2279 de
231 2219 348 2278 homine
368 2221 400 2277 in
421 2219 557 2296 praesenti
578 2219 637 2278 solo
664 2223 802 2279 statn-“
814 2219 997 2280 fecisti”-“
1009 2220 1127 2280 nos’'-

174 2327 252 2380 “cor
280 2321 440 2380 nostrum.''
497 2321 540 2380 20.
575 2321 713 2398 Inquieta
740 2325 771 2382 et
797 2321 920 2380 sollicita
947 2326 1017 2380 sunt
1045 2324 1128 2382 corda

173 2420 334 2493 hominum,
349 2439 403 2480 nec
423 2420 506 2479 bonis
526 2423 556 2480 et
570 2421 787 2480 oblectamentis
805 2420 927 2481 terrenis
941 2421 1042 2480 satiari
1062 2443 1127 2500 pos-

174 2527 251 2581 sunt.
292 2522 371 2582 Num
386 2541 452 2598 ergo
467 2521 599 2598 sequitur
619 2542 667 2581 eos
687 2526 820 2600 appetere
833 2522 863 2580 id
885 2543 941 2600 quo
962 2522 1023 2581 solo
1045 2525 1128 2601 plene

174 2622 312 2684 exsatiari
324 2621 470 2701 possunt?
515 2623 632 2684 Fideles
644 2623 695 2701 pii,
707 2623 817 2683 lumine
827 2623 895 2683 fidei
909 2628 939 2683 et
952 2626 1048 2700 gratia
1063 2627 1126 2696 acti,

175 2723 349 2783 desiderium
362 2724 416 2782 hoc
436 2724 565 2784 habent:
588 2723 640 2802 qni
653 2743 720 2784 vero
733 2725 791 2784 fide
811 2729 909 2784 carent
923 2745 1074 2802 nunquam
1096 2729 1127 2784 de

175 2825 289 2902 objecto
303 2825 371 2884 talis
384 2825 519 2884 desiderii
533 2827 669 2902 cogitant,
685 2825 744 2885 imo
764 2825 839 2884 illud
854 2845 970 2902 prorsus
983 2829 1126 2886 nesciunt.
1175 2851 1176 2898 p

177 2924 317 2990 ouentur
331 2923 473 2984 Horatius
486 2925 587 3002 (sau.
606 2929 632 2998 1,
647 2925 698 2986 ne.
716 2929 742 2999 1,
762 2929 780 2960 ‘⁶
794 2925 851 2996 oui
864 2925 921 2998 fis,
937 2927 1126 3004 uaeoenasss’)
1175 2907 1176 2934 ³

177 3027 322 3085 neminem
336 3045 397 3085 esse
411 3024 464 3102 qui
478 3046 531 3085 sua
545 3041 620 3087 sorte
634 3031 787 3088 contentus
798 3027 883 3098 vivit,
901 3045 1000 3087 omnes
1013 3027 1127 3106 inquie-

177 3132 222 3186 tos
235 3147 315 3187 esse:
337 3147 408 3186 num
422 3147 489 3204 ergo
502 3129 598 3190 voluit
618 3149 717 3190 omnes
737 3133 789 3189 aut
808 3131 884 3189 ullos
905 3129 1034 3208 quietem
1047 3129 1127 3190 illam

177 3230 319 3304 appetere,
335 3246 399 3304 quae
413 3227 445 3286 in
458 3227 569 3288 visione
582 3229 716 3289 beatifica
729 3229 903 3289 invenitur?

219 3329 266 3388 77.
294 3328 394 3406 Object.
416 3335 445 3389 2.
468 3329 571 3389 Omnis
584 3333 716 3390 creatura
725 3330 878 3392 rationalis
886 3333 1002 3390 tenetur
1011 3330 1126 3408 diligere

179 3432 273 3488 Deum
293 3449 388 3490 amore
408 3431 600 3508 appretiative
617 3451 738 3492 summo.
778 3432 873 3510 Atqui
893 3431 1042 3492 dilectioni
1060 3433 1125 3491 huic

59 3571 61 3579 ·
178 3529 351 3607 promissum
364 3535 408 3591 est
421 3532 562 3592 beatificae
575 3532 696 3593 visionis
709 3534 871 3611 praemium.

220 3634 266 3692 78.
287 3633 372 3707 Ilaap
398 3634 438 3690 1⁰⁶
461 3634 748 3712 Distinguoprimam
761 3634 1000 3718 propositionem:¹
1023 3636 1123 3694 Amore
