2408 4304
165 375 229 451 428
534 369 590 436 De
607 369 745 436 Gratia.
962 367 1061 456 [u1sr.
1073 388 1124 436 ιιι.
1170 374 1171 396 ³

167 539 261 601 omnis
274 540 363 613 sotus,
378 538 442 600 haeo
465 539 645 616 “suspensio
659 537 742 597 setus
756 539 832 598 boni
846 556 909 598 uon
922 540 969 599 est
981 537 1125 598 laudabilis

167 643 217 702 sed
232 641 331 714 otiose,
355 640 414 701 imo
431 643 461 702 et
478 640 625 700 moraliter
637 639 827 718 periculosa:
846 659 924 724 ergo
944 640 1015 700 talis
1031 640 1125 700 modus

165 761 225 802 nou
237 740 375 820 operandi
388 741 498 801 malum
512 760 569 800 nou
583 742 757 820 potestesse
768 739 981 802 meritorius.''
1009 740 1124 811 Susum,

165 861 188 902 o.
204 845 231 913 2,
246 861 277 902 ιι.
293 845 321 902 8.
350 841 497 902 Srnuunn.
513 842 555 920 (q.
573 843 599 913 l,
615 859 640 900 u
656 845 685 912 2,
700 859 732 901 ιι.
746 840 781 918 ὅ)
795 839 1125 902 dieitheueesseoom·

164 957 281 1000 munem
295 939 468 1002 sententium
480 939 691 1016 theologorum.

203 1045 251 1099 94.
268 1039 311 1100 2⁰.
332 1040 424 1100 Aotue
444 1041 531 1101 debet
552 1058 613 1100 esse
635 1039 712 1099 liber
732 1057 793 1099 non
814 1039 916 1100 solum
939 1059 960 1100 a
983 1039 1125 1102 ooeotioue
1174 1072 1175 1126 p

164 1139 214 1200 sed
227 1142 258 1200 et
271 1158 289 1198 e
300 1138 480 1201 necessitate.
520 1138 595 1211 Hor,
618 1139 714 1215 quoad
733 1137 870 1198 ordinem
894 1141 1081 1216 proesentem
1094 1139 1126 1198 de

163 1239 221 1301 fide
235 1243 288 1312 est,
303 1259 342 1300 ex
354 1259 435 1318 prop.
453 1243 468 1299 s
483 1238 504 1300 J
505 1238 625 1300 ausonii.
665 1239 717 1297 Au
736 1257 804 1298 vero
824 1238 920 1312 Deus,
936 1239 976 1300 de
989 1243 1126 1318 potestate

163 1340 295 1401 abolute
307 1343 337 1400 et
347 1338 378 1397 iu
392 1337 448 1398 elio
472 1337 582 1410 ordine,
606 1342 703 1416 posset
726 1341 855 1398 statuere
877 1342 915 1398 ut
937 1339 1124 1418 operantium

163 1459 201 1500 ex
215 1438 471 1500 necessiteteteote
489 1435 763 1499 essentmsritoria?
803 1437 893 1498 Nihil
904 1439 940 1498 de
954 1439 1012 1501 hoo
1025 1440 1124 1501 defiui-

164 1545 228 1600 tum
255 1543 308 1601 est.
350 1538 535 1600 Communior
555 1541 653 1599 autem
675 1541 706 1598 et
726 1537 823 1598 verior
847 1541 1000 1601 sententia
1018 1545 1121 1618 negat:
1177 1596 1178 1618 ,

163 1639 239 1700 siout
252 1639 330 1700 enim
338 1659 410 1718 opus
434 1640 543 1700 melum
565 1637 760 1699 necessarium
773 1657 831 1698 uon
845 1644 946 1716 potest
959 1659 1024 1701 esse
1037 1660 1125 1718 poeur

163 1739 293 1817 dignum,
308 1739 352 1800 ite
365 1759 417 1800 neo
431 1759 503 1818 opus
523 1741 632 1817 bouum
655 1739 851 1800 neeessarium
863 1744 962 1818 potest
976 1761 1041 1802 esse
1051 1761 1123 1819 prae·

162 1840 221 1900 mio
244 1839 376 1917 dignum.
399 1840 488 1900 Suum.
507 1859 532 1901 e.
557 1845 585 1912 3,
608 1858 638 1900 ιι.
664 1844 692 1900 6.
733 1841 815 1900 Deus
835 1840 957 1918 quidem
980 1839 1014 1900 in
1034 1841 1123 1901 vitam

162 1949 299 2006 eternam
312 1947 458 2022 oooepture
471 1947 566 2024 potest
578 1964 665 2023 opere
684 1944 801 2004 omnino
821 1944 1033 2018 involuntarie,
1051 1945 1122 2006 siout
1179 1951 1180 1956 ’

162 2046 323 2126 receptavit
335 2045 510 2125 martyrium
530 2049 694 2106 sauctorum
708 2045 934 2107 Innooeutium:
957 2051 1006 2108 ast
1019 2068 1055 2108 eu
1067 2067 1120 2108 uon

162 2151 293 2225 ueoeptet
313 2149 349 2207 ut
371 2146 534 2220 meritoris;
558 2147 617 2220 sed,
633 2166 700 2206 eum
723 2146 872 2206 Dominus
897 2147 938 2206 sit
957 2147 1063 2224 gloriae
1075 2167 1119 2206 su·

162 2271 287 2328 promus,
312 2252 359 2312 eui
386 2252 454 2312 vult
476 2258 507 2311 et
530 2252 671 2330 quomodo
693 2250 844 2312 vulteum
867 2251 988 2330 elargiri
1015 2257 1117 2331 potest.

162 2350 284 2424 Hrurro,
299 2371 328 2429 q.
344 2357 372 2425 2,
389 2371 414 2410 e.
431 2357 458 2424 2,
475 2371 553 2414 eone.
569 2356 597 2410 2.

203 2457 251 2515 95.
274 2453 317 2512 80.
346 2454 425 2532 Opus
446 2452 618 2512 meritorum
637 2453 723 2514 debet
746 2472 808 2513 esse
830 2455 984 2515 moraliter
1001 2457 1117 2516 bonum.

161 2553 245 2632 Opus
266 2555 345 2615 enim
373 2555 484 2615 molum
506 2575 563 2614 uon
586 2555 707 2633 praemio
728 2556 778 2615 sed
800 2575 895 2634 poena
917 2557 1045 2634 dignum
1068 2569 1115 2618 est

162 2655 241 2732 Opus
251 2673 318 2716 vero
331 2653 497 2714 indifferens
512 2654 623 2733 (sideri
636 2654 727 2732 possit
738 2654 771 2713 iu
784 2655 953 2736 individuo)
975 2663 997 2691 “
1006 2677 1066 2718 non
1078 2665 1119 2718 est

161 2773 213 2813 our
231 2754 330 2833 potius
353 2753 392 2813 sit
411 2754 530 2832 praemio
554 2774 641 2832 quum
661 2773 753 2832 poene
772 2755 913 2832 dignum:
934 2775 1014 2829 nom,
1030 2758 1117 2818 sinon

159 2845 288 2916 meretur
306 2874 427 2934 poenam
448 2856 518 2933 quia
542 2862 621 2917 earet
644 2855 766 2926 malitia,
794 2856 884 2916 etiem
911 2877 973 2918 nou
992 2863 1118 2921 meretur

158 2961 310 3038 premium
334 2960 403 3038 quie
423 2976 501 3020 oeret
521 2960 663 3022 bonitate.
712 2960 777 3019 Imo
797 2964 875 3020 reete
899 2962 997 3023 dicere
1019 2983 1117 3042 possm

158 3080 233 3135 mus,
259 3080 293 3122 eo
310 3059 373 3139 ipso
393 3060 472 3138 quod
494 3060 626 3120 bonitate
639 3064 727 3133 earet,
747 3060 853 3119 mereri
867 3064 1031 3123 carentiam
1044 3083 1113 3144 prm·

158 3161 230 3222 mii:
251 3161 328 3238 quod
348 3159 445 3238 potius
473 3165 518 3219 est
544 3159 685 3219 demereri
704 3178 794 3238 quam
812 3161 950 3220 mereri.”
989 3163 1111 3238 Surum,

158 3265 317 3333 utut

198 3367 246 3423 96.
267 3364 315 3421 Au
328 3381 395 3422 vero
409 3381 481 3440 opus
493 3360 525 3420 iu
539 3380 569 3421 se
581 3361 700 3434 bouum,
724 3361 749 3421 si
773 3361 872 3440 alique
893 3363 1113 3426 circumstantis

156 3464 233 3534 mala
245 3461 376 3534 vitietur,
391 3481 424 3521 eo
437 3462 499 3540 ipso
513 3465 610 3521 eareat
628 3461 759 3523 merito?
797 3462 857 3523 Vid
870 3482 970 3541 supra,
987 3485 1018 3526 u.
1028 3467 1065 3526 8³
1080 3471 1108 3526 et

157 3562 243 3636 inire,
258 3581 289 3622 u.
307 3564 374 3622 195.

198 3662 246 3726 97.
268 3660 334 3718 Non
350 3659 441 3722 solum
466 3678 523 3718 non
543 3657 704 3743 requiritur
724 3661 761 3722 ed
783 3659 920 3726 meritum
933 3667 969 3722 ut
982 3683 1056 3750 opus
1067 3663 1104 3732 sit
