2410 4318
55 399 176 446 msr.
193 375 273 467 vm]
317 380 373 444 De
390 377 512 445 Gratia
527 375 625 464 Effic.
643 377 803 464 etSaffic.
901 374 903 378 ’
959 398 1043 465 ‚203

59 545 168 606 emim
197 545 260 622 ipso
286 549 371 605 textu
405 547 512 604 diserte
543 544 886 604 memoratum—“Cum
909 547 990 603 metu
1016 545 1047 604 et

61 651 217 705 tremore
231 650 356 704 vestram
379 645 502 704 salutem
525 644 698 720 operamini:
720 645 801 704 Deus
821 648 866 704 est
885 643 972 716 enim,
994 642 1046 720 qui

64 744 251 822 operetur”
267 747 317 804 tre.
332 748 367 804 ut
381 764 477 821 supra.
837 727 838 730 Ἴ

122 843 218 904 Alios
240 843 382 920 ejusmodi
402 848 503 903 textus
525 862 583 901 non
606 845 651 902 est
673 862 747 920 opus
769 844 914 921 proferre:
948 862 1047 903 omnes

70 946 195 1005 eadem
209 945 392 1023 responsione
405 945 573 1006 enodantur.

278 1101 294 1182 ξ
310 1108 338 1164 4.
364 1105 495 1175 Quadam
509 1103 654 1164 eoboaatar
673 1102 857 1182 qaastiaaoal
881 1149 886 1162 .

130 1265 206 1322 ⁴⁶40.
232 1263 376 1333 Qaaro'tar
392 1262 433 1322 1⁰.
453 1263 560 1323 Utrum
574 1263 676 1340 gratie,
693 1282 758 1341 quae
772 1266 907 1340 operatur
919 1261 952 1320 in
964 1260 1047 1320 nobis

84 1383 170 1441 opus
186 1364 321 1438 salutare,
334 1363 410 1421 illud
423 1363 571 1422 moraliter
585 1383 622 1422 an
633 1383 704 1424 ¹vero
718 1363 837 1441 physice
851 1360 1008 1440 operetur?

134 1463 207 1520 ⁹⁶41.
228 1463 307 1521 Ante
330 1467 499 1538 responsum
526 1464 627 1522 datum
661 1465 794 1539 quaedam
825 1465 894 1522 sunt
912 1461 1046 1520 notanda.

90 1561 137 1622 1⁰.
163 1563 257 1622 Causa
270 1563 437 1623 immediata
460 1583 493 1622 ea
517 1567 561 1622 est
584 1583 649 1640 quoe
670 1584 774 1640 perse,
790 1562 1046 1622 nullealiainter-

87 1664 193 1742 posita
214 1683 299 1722 eausa
320 1665 368 1723 vel
389 1664 590 1737 instrumento,
615 1665 751 1723 effectum
773 1668 861 1741 preest
880 1669 901 1722 t.
954 1661 1049 1722 Oausa

90 1763 224 1822 mediata
238 1763 299 1838 egit
312 1783 363 1839 per
377 1764 462 1822 aliam
477 1764 676 1840 interpositam
687 1783 800 1822 oausam
810 1763 858 1822 vel
870 1764 1047 1821 instrumen-

92 1871 171 1924 tum.
213 1864 260 1924 sio
274 1864 369 1924 motis
383 1867 493 1941 cymbae
507 1885 592 1924 eausa
605 1865 730 1924 mediata
744 1869 787 1923 est
800 1865 952 1940 remigans,
964 1860 1051 1922 eausa

96 1964 269 2023 immediata
292 1968 337 2023 est
357 1983 473 2022 remus:
503 1967 600 2024 motis
623 1966 725 2024 curris
749 1985 835 2024 eausa
856 1965 982 2022 mediate
1006 1967 1049 2022 est

97 2063 209 2140 auriga,
234 2063 402 2122 immediata
424 2083 524 2140 equus.
573 2064 686 2138 Plures,
711 2065 743 2123 in
766 2065 865 2124 eodem
887 2063 1050 2141 praestando

98 2160 215 2232 effectu,
230 2164 351 2236 possunt
365 2179 425 2219 esse
439 2180 533 2221 causae
549 2161 609 2220 sive
623 2162 797 2220 immediatae
811 2161 872 2220 sive
887 2160 1028 2219 mediata.

141 2261 208 2318 ³⁶42.
232 2260 275 2320 20.
297 2266 316 2294 “
328 2259 455 2337 Physica
468 2265 512 2319 est
525 2279 611 2318 eausa
625 2280 691 2337 quae
702 2261 835 2320 effectum
850 2261 928 2336 parit
939 2260 1049 2318 virtute

100 2358 224 2436 proprie,
240 2359 302 2418 sive
315 2359 470 2436 principali
490 2359 551 2419 sive
572 2359 798 2420 instrumentali.
839 2359 967 2432 Moralis,
983 2375 1049 2434 quae

102 2462 210 2520 virtute
233 2461 348 2538 propria
370 2479 423 2519 nee
440 2461 573 2537 producit
594 2461 728 2520 effectum
751 2481 803 2520 neo
825 2462 862 2518 ad
884 2461 968 2518 illum
982 2479 1049 2535 pro·

104 2565 265 2624 ducendum
278 2565 340 2623 ullo
353 2565 437 2623 modo
448 2568 632 2642 cooperatum
654 2566 703 2624 sed
724 2565 817 2623 solum
837 2565 923 2622 aliam
935 2582 1050 2622 eausam

105 2671 155 2724 aut
168 2665 254 2724 eliam
275 2665 436 2742 potentiam
459 2665 588 2743 ejusdem
613 2665 756 2742 suppositi
779 2665 876 2742 aliquo
895 2664 980 2722 modo
1002 2663 1049 2722 in·

106 2767 184 2825 duait
207 2767 244 2825 a'd
271 2767 455 2844 operandum.
505 2767 570 2826 Hoe
593 2772 676 2844 paeto
698 2767 861 2842 imperium,
887 2765 1048 2838 eonsilium,

107 2865 199 2938 minse,
223 2885 321 2942 preces
341 2871 410 2925 sunt
432 2885 525 2926 oausae
549 2867 679 2939 morales,
707 2871 851 2942 quatenus
872 2866 995 2924 altemm
1014 2866 1051 2922 ad

107 2967 278 3044 operandum
291 2970 418 3026 movent.
458 2969 508 3026 Ita
522 2987 635 3044 quoque
646 2967 749 3026 merita
761 2967 808 3026 vel
822 2966 961 3026 demerita
975 2985 1049 3042 prae·

107 3068 225 3144 miornm
249 3067 298 3126 vel
319 3087 478 3144 poenarum
502 3072 570 3126 sunt
591 3087 683 3127 causae
707 3068 838 3127 morales
879 3067 943 3126 Imo
963 3068 1051 3126 etiem

84 3225 85 3230 ,
106 3169 236 3227 voluntas
249 3187 334 3227 eausa
354 3171 399 3228 est
418 3168 535 3227 moralis
551 3173 678 3241 actuum,
693 3169 744 3246 qui
757 3189 774 3227 a
787 3168 899 3227 caeteris
912 3167 1051 3244 potentiis

108 3269 167 3344 ipsa
186 3268 345 3344 imperante
359 3268 526 3339 eliciuntur,
548 3267 656 3344 quique
669 3272 821 3345 propteroa
833 3267 967 3342 imperati
978 3286 1052 3325 nun·

110 3367 256 3439 oupantur.
298 3363 413 3422 Ideiroo
426 3362 459 3420 in
470 3363 637 3422 definitione
650 3364 760 3422 dietum
775 3369 818 3422 eet
831 3381 946 3421 oausam
959 3382 1051 3421 mora·

112 3464 165 3521 lem
185 3463 321 3522 indueere
345 3463 382 3520 ad
404 3464 549 3538 agendum
574 3462 622 3521 vel
646 3463 732 3522 aliam
758 3482 873 3522 oausam
894 3461 943 3522 vel
966 3462 1052 3520 eliam

113 3561 262 3638 potentiam
276 3562 406 3638 ejusdem
421 3561 572 3638 suppositi.
612 3563 697 3623 Patet
710 3582 748 3622 ex
760 3561 816 3634 his,
829 3581 944 3620 eausam
957 3581 1052 3620 mora-

112 3660 164 3718 lem
184 3659 318 3719 induoere
337 3678 418 3736 posse
440 3661 476 3718 ad
500 3659 643 3736 egendum
666 3661 842 3720 solummodo
863 3679 962 3720 causas
975 3659 1050 3732 illas,
