2402 4292
168 428 233 508 336
455 415 463 472 s
530 419 586 485 Dc
605 417 739 487 Grab'a.
793 461 795 466 .
972 419 1081 506 [ursr.
1095 441 1137 488 un

166 590 332 664 intrinseca,
356 587 479 660 intime;
500 587 542 648 ite
565 589 596 647 ct
616 587 713 647 anima
735 585 899 664 peccatoris
919 587 1090 665 justificati
1111 589 1137 648 iu

167 693 291 770 seipsam
303 690 459 752 intrinsece
473 690 504 749 et
523 687 627 748 intime
648 688 774 748 nitorem
797 686 902 764 gratiae
923 688 1050 767 recipit,
1067 691 1138 750 etit

168 811 235 853 rere
248 795 279 852 et
291 789 406 869 proprie
417 793 446 849 et
459 788 492 847 in
503 807 534 848 se
544 787 676 860 condida,
693 790 827 860 venuste,
842 788 905 848 Deo
918 793 1018 864 grate.
1053 790 1137 864 Hinc,

160 893 201 954 in
214 891 345 954 textibus
358 909 387 950 n.
402 895 438 950 59
454 888 559 962 allatis,
576 888 686 948 dicitur
699 888 796 948 enimc
805 888 970 966 justificati
984 892 1077 970 quasi
1090 893 1139 951 nir

169 1003 300 1072 etsuper
312 990 411 1052 nivem
425 995 456 1051 et
468 991 552 1050 velut
574 989 643 1050 lena
665 989 733 1049 alba
754 989 895 1050 dealbari.
936 991 1043 1052 Simili
1057 994 1139 1052 modo

169 1115 208 1156 ex
221 1094 286 1155 aliis
298 1092 542 1154 similitudinibus
555 1095 785 1170 argumentatur,
796 1091 951 1169 inquibus
960 1094 1139 1172 justificatio

171 1194 329 1276 peccatoris
338 1193 497 1255 exhibetur
510 1193 557 1272 (2)
571 1195 607 1253 ut
621 1211 697 1252 nova
710 1191 774 1270 ejus
793 1193 912 1266 creatio,
928 1193 978 1272 (3)
994 1197 1033 1254 ut
1047 1198 1140 1254 trans·

172 1297 244 1356 lctio
256 1316 274 1356 a
286 1300 379 1356 morte
392 1295 429 1355 ad
442 1293 545 1367 vitam,
562 1293 609 1372 (4)
623 1312 640 1354 c
654 1293 796 1355 servitute
809 1294 847 1354 ad
859 1294 1046 1368 libertatem,
1063 1297 1111 1375 (5)
1124 1317 1140 1354 a

173 1396 304 1457 tenebris
316 1395 349 1454 in
368 1394 473 1454 lucem.
741 1383 743 1388 Α

171 1531 173 1535 ,
214 1501 262 1558 90.
283 1497 497 1556 Annuusnruu
511 1492 557 1555 II.
578 1493 627 1552 Ex
642 1493 708 1553 aliis
726 1493 862 1572 pluribus
882 1494 1024 1556 textibus
1039 1495 1093 1575 qui
1105 1495 1138 1554 ad

174 1601 302 1658 nostram
314 1594 541 1680 propositionem
562 1593 733 1654 firmandum
753 1595 876 1672 proferri
896 1600 1031 1672 possent,
1049 1616 1138 1656 unum

174 1701 290 1758 tentum
311 1700 342 1758 ct
361 1677 485 1756 alterum
499 1693 662 1755 citabimus.
705 1694 868 1754 “Charitas
887 1696 947 1755 Dei
966 1696 1079 1756 diffuso
1097 1703 1139 1756 cst

176 1789 366 1880 [Grs'e‘ffusa
392 1795 557 1877 ικκεχυται]
580 1799 611 1856 in
633 1795 767 1856 cordibus
788 1797 895 1857 nostris
912 1818 966 1875 per
989 1798 1137 1874 Spiritum

176 1903 324 1973 Sanctum,
337 1897 389 1977 qui
399 1899 483 1958 dctus
496 1902 541 1958 est
553 1897 664 1957 nobis.”
680 1899 764 1958 Rom.
775 1917 802 1957 v.
819 1904 846 1958 5.
888 1898 958 1958 Sive
968 1899 1028 1957 ista
1043 1900 1136 1958 chari-

175 2003 221 2061 tas
239 1999 295 2060 Dei
316 1997 425 2060 directe
447 1997 592 2076 significet
605 1996 779 2058 charitatem
791 1997 848 2058 Dei
868 2017 928 2076 qua
948 1997 1054 2075 diligit
1073 2017 1135 2071 nos,

176 2099 347 2159 charitatem
373 2099 539 2174 increatam,
561 2098 622 2159 sive
649 2099 820 2160 charitatem
853 2102 981 2160 creatam
1007 2119 1079 2179 quan
1107 2101 1138 2160 in

176 2199 258 2259 nobis
271 2201 316 2260 est
329 2219 397 2277 erga
409 2201 516 2276 Deum,
533 2199 594 2260 sive
607 2202 762 2278 utramque
782 2200 856 2278 (tres
876 2199 956 2260 enim
970 2199 1034 2262 illae
1048 2201 1136 2261 inter·

176 2300 353 2380 prolationes
365 2304 497 2362 auctores
515 2290 625 2362 habent
637 2304 669 2362 et
682 2300 819 2379 antiquos
832 2304 863 2362 et
876 2301 1068 2375 recentiores,
1076 2303 1136 2363 rid.

177 2405 214 2461 A.
230 2401 333 2481 Lsr.);
354 2401 476 2479 planum
497 2403 542 2461 est
563 2399 687 2477 gratiam
710 2406 834 2461 creatam
847 2401 892 2463 ibi
905 2403 1010 2463 saltem
1031 2423 1138 2464 conno-

178 2501 244 2576 tari‚
260 2520 326 2580 qum
340 2501 372 2562 in
385 2501 520 2562 cordibus
528 2501 675 2580 justorum
690 2504 744 2574 est,
759 2501 868 2562 ibidem
877 2523 931 2580 par
944 2503 976 2564 S.
992 2503 1138 2582 Spiritum

179 2597 264 2676 offam
277 2617 328 2659 seu
340 2597 444 2676 diffaco
457 2599 568 2678 (supra,
584 2616 613 2658 n.
630 2597 697 2676 14);
718 2599 797 2676 quod
817 2599 853 2659 de
862 2599 984 2678 justitia
996 2621 1081 2662 mere
1087 2622 1138 2662 ex-

179 2701 305 2762 trinsece
318 2704 349 2762 et
358 2701 507 2784 imputata
520 2719 706 2778 nequaquam
719 2702 857 2762 affirmari
869 2707 977 2780 potest.

220 2806 270 2864 91.
292 2802 358 2862 “Si
386 2804 466 2862 enim
478 2792 567 2866 unius
588 2802 694 2862 delicto
712 2822 788 2864 mors
807 2804 942 2880 regnavit
953 2825 1010 2883 per
1022 2825 1136 2866 unum:

180 2901 273 2961 multo
287 2901 380 2976 magis
400 2901 610 2962 abundantiam
630 2902 733 2980 gratim
747 2906 778 2964 ct
791 2903 956 2964 donationis
968 2911 1000 2965 et
1010 2906 1140 2983 justitio

181 2999 355 3078 accipientes
367 2999 400 3059 iu
413 3001 475 3060 vita
494 3003 658 3078 regnabunt
677 3022 729 3080 per
749 3023 844 3062 uuum
863 3004 965 3064 Josum
980 3006 1138 3066 Christum.

182 3097 278 3174 Igitur
291 3095 369 3155 sicut
380 3115 432 3173 per
451 3097 540 3157 unius
560 3098 699 3158 delictum
712 3099 744 3158 in
757 3119 857 3160 omnes
876 3101 1013 3174 homines
1024 3103 1060 3161 in
1074 3123 1138 3162 cou-
1166 3111 1170 3118 “

182 3195 393 3258 demnctionem
407 3217 414 3255 ε
438 3195 480 3256 sic
501 3200 532 3259 et
551 3215 603 3274 per
622 3199 712 3259 unius
723 3199 870 3277 justitiam
883 3200 915 3258 in
929 3221 1031 3261 omncs
1045 3203 1139 3260 bomi-

180 3316 232 3356 ncs
244 3297 276 3356 in
286 3296 528 3375 justificationem
542 3297 620 3356 vitm.
662 3298 746 3358 Sicut
754 3299 833 3359 enim
846 3319 897 3376 per
910 3300 1140 3361 inobedientiam

182 3398 270 3458 unius
283 3397 418 3470 hominis,
434 3401 597 3476 peccatores
610 3400 760 3459 const'tuti
775 3406 843 3461 sunt
855 3402 963 3462 multi:
987 3403 1032 3463 ita
1046 3405 1079 3462 et
1090 3423 1143 3479 per

181 3497 271 3556 unius
281 3498 483 3572 obeditionem,
492 3498 569 3576 justi
578 3500 794 3561 constituentur
802 3501 919 3560 multi.''
942 3503 1022 3562 Ibid.
1035 3507 1140 3565 17-19.

184 3594 243 3655 llic
259 3597 300 3669 10,
315 3597 393 3657 redit
406 3602 613 3676 argumentum
635 3619 672 3659 ex
692 3600 903 3679 comparatione
919 3601 1140 3678 justificationis

171 3694 346 3772 ¹peccatorio
358 3714 424 3756 cum
446 3698 631 3761 revocatione
649 3701 758 3762 mortui
778 3702 815 3762 ad
828 3703 932 3763 vitam.
973 3705 1019 3764 2⁰.
1038 3702 1084 3762 En
1096 3706 1139 3762 cst
