2410 4314
342 1165 631 1241 DISPUTATIO
654 1160 886 1280 SECUNDA.

326 1377 374 1430 DE
391 1377 558 1433 scamus
574 1377 741 1432 HUMANAE
757 1371 920 1427 NATURAE.

308 1544 411 1606 Srorro
432 1545 584 1608 Pam.-
591 1543 800 1607 Observationes
815 1534 945 1601 Praeaiae.'

188 1728 215 1786 1.
237 1726 338 1788 Statua
350 1725 448 1806 plures
460 1727 550 1788 habet
564 1724 789 1804 significationes
804 1745 812 1794 ς
834 1721 884 1782 sed
898 1719 946 1780 hic
960 1715 1108 1795 accipitur

146 1828 181 1885 nt
193 1825 294 1886 Μοῶιιε
310 1845 338 1886 aa
359 1825 479 1888 labandi
501 1827 588 1888 totius
611 1831 722 1888 natura
742 1824 868 1885 hamana
888 1821 920 1881 ia
945 1818 1045 1880 ordina
1064 1816 1107 1875 ad

152 1924 473 2006 saumalta‘mumfiaam.
495 1927 545 1988 Ita
554 1908 677 2001 Susam,
689 1924 801 2002 Proleg.
813 1927 878 1998 4,n.
893 1925 918 1994 1,
928 1919 1102 1988 Touananr,

146 2026 321 2101 Marmora,
338 2031 368 2089 et
381 2027 470 2089 ceteri
484 2047 591 2088 omues.
620 2026 746 2096 Quidam
760 2029 857 2087 tamen
871 2021 1021 2102 apponunt
1034 2036 1103 2079 con·

147 2129 286 2189 ditionem
307 2127 521 2194 immobilitatis
542 2153 595 2194 seu
615 2129 773 2201 firmitatis,
798 2127 900 2189 saltem
921 2145 959 2185 ex
973 2144 1011 2185 se.
1055 2124 1104 2184 Ita

148 2234 301 2296 Sannaus.
315 2235 343 2296 d.
362 2239 388 2308 l,
412 2255 441 2296 n.
456 2241 484 2310 4,
506 2237 628 2310 Hanno,
653 2237 814 2308 Brisoana,
831 2235 881 2293 tto.
923 2230 1009 2290 Hanc
1032 2247 1103 2288 sane

148 2332 322 2414 qualitatem
335 2333 424 2397 habet
438 2339 530 2397 status
544 2336 576 2396 in
595 2356 647 2396 suo
664 2333 806 2397 termino:
830 2329 929 2392 sedda
947 2325 1006 2389 solo
1021 2331 1103 2388 statu

147 2431 275 2492 hominis
287 2431 318 2494 in
332 2432 381 2492 via
393 2433 443 2496 hic
457 2454 550 2497 sermo
564 2442 617 2496 est.

188 2536 217 2593 2.
238 2532 357 2612 Duplex
371 2535 517 2614 ejusmodi
530 2540 625 2596 status
639 2554 700 2596 csse
713 2535 818 2612 potest,
834 2527 992 2591 secundum
1006 2527 1102 2606 dupli-

148 2651 211 2694 cem
224 2632 312 2692 finem
326 2633 363 2694 ad
376 2654 464 2714 quem
477 2635 562 2696 homo
573 2634 778 2706 destinaretur,
790 2649 903 2708 nempe,
918 2626 1060 2688 naturalis
1073 2631 1103 2688 et
1189 2675 1190 2716 t

149 2733 386 2810 supernaturalis.
430 2735 525 2794 Homo
540 2735 571 2794 in
585 2739 664 2794 statu
678 2731 802 2794 naturali
815 2728 969 2809 praeceptis
982 2731 1100 2808 natura-

149 2830 227 2892 libus
253 2836 409 2906 teneretur,
439 2840 469 2894 ct
490 2834 574 2894 eiad
595 2833 659 2892 haec
687 2830 826 2893 servanda
853 2827 965 2889 auxilia
986 2825 1101 2886 omnino
1189 2879 1190 2888 ,

150 2928 296 2989 naturalia
315 2930 463 2992 darentur.
506 2932 577 2992 Post
589 2931 681 2992 vitam
695 2931 727 2990 in
743 2930 799 2990 isto
820 2933 899 2989 statu
918 2930 995 2988 recte
1010 2931 1101 2986 trans-

151 3033 254 3102 actam,
276 3029 488 3092 bcatitudinem
508 3032 672 3091 naturalem
692 3031 901 3108 assequeretur,
924 3027 956 3086 in
969 3046 1028 3104 qua
1041 3026 1101 3084 Deo
1189 3101 1190 3120 Χ

151 3132 186 3188 nt
199 3128 310 3190 auctori
327 3130 506 3190 naturalium
526 3132 653 3209 perlecta
673 3130 905 3209 conjungeretur,
927 3129 1023 3205 ipsum
1036 3145 1100 3202 cog·
1189 3131 1190 3156 l

153 3228 296 3288 noscendo
307 3229 490 3304 abstractive,
506 3234 541 3290 ut
554 3229 646 3302 aiunt,
662 3249 713 3292 seu
731 3249 782 3308 per
798 3231 953 3300 creaturas,
973 3223 1100 3302 omnipo-

155 3327 289 3396 tentiam¹
302 3328 365 3406 ejus
387 3332 419 3390 et
437 3328 610 3407 sapientiam
628 3333 658 3390 et
679 3333 774 3390 cetera
794 3327 944 3398 attributa,
968 3327 1055 3404 prout
1071 3323 1100 3382 in

38 3483 43 3490 .
154 3426 295 3486 creaturis
318 3428 501 3488 naturalibus
521 3429 645 3500 elucent,
666 3429 741 3489 clare
762 3427 894 3499 videndo,
919 3444 1042 3502 eumque
1062 3423 1099 3482 sic
1189 3453 1190 3462 κ

154 3525 303 3606 cognitum
323 3528 355 3588 in
375 3535 518 3590 aeternum
538 3532 669 3591 amando.
710 3530 832 3590 Homini
853 3529 884 3586 in
905 3530 983 3586 statu
1005 3545 1098 3604 snper·

154 3627 281 3686 naturali
315 3633 461 3709 praecepta
494 3633 714 3711 imponerentur
747 3627 988 3708 supernaturalia,
1017 3645 1045 3684 v.
1072 3645 1097 3701 g.
