2424 4300
80 435 167 480 urse.
184 411 231 497 u]
273 411 328 475 De
346 409 467 476 Gratia
482 411 573 476 Med.
591 416 623 475 et
635 409 919 497 Elec—poscitis.
981 435 1035 478 121

80 597 231 656 nunquam
243 581 301 637 stat
308 577 472 654 oppositum
483 577 630 656 conjungi.
658 579 752 650 Unde,
760 579 914 640 licetrecte
922 583 1041 638 vocetur

79 678 204 748 moralis,
219 681 254 737 ut
268 696 326 736 nou
340 676 478 737 excludat
492 676 651 754 potentiam
666 679 825 755 physicam,
848 699 900 738 nco
919 679 1036 738 liberta·

81 785 142 841 tom
164 780 247 862 circa
262 779 379 856 singula
398 781 533 856 peccata;
558 799 617 838 nou
635 784 680 840 est
701 784 798 841 tamon
820 780 937 840 moralis
953 780 984 840 iu
1007 799 1040 841 co

82 901 170 940 sensu
192 880 270 959 quod
293 879 332 940 sit
356 884 474 940 tantum
497 879 656 942 secuudum
681 880 761 957 quid,
787 881 857 958 quia
875 881 1039 959 oppositum

82 1001 148 1042 raro
162 983 192 1042 et
210 979 366 1040 difficulter
384 979 514 1040 evenit.’'
554 980 641 1040 Susa.
658 1000 687 1040 ιι.
706 981 753 1042 17.
774 986 793 1016 “
804 981 858 1040 Est
870 981 1042 1058 impotentia

85 1081 201 1142 moralis
220 1080 391 1158 simpliciter
411 1079 498 1152 dicta,
516 1099 583 1158 qum
605 1081 716 1141 scilicet
733 1081 855 1142 oritura
873 1081 1042 1142 difficultate

83 1182 277 1254 ineluctabili,
313 1183 366 1240 sub
393 1200 451 1260 qua
483 1201 634 1259 nunqnam
668 1182 725 1242 erit
755 1187 836 1242 actus
863 1182 1040 1260 oppositus.’'

85 1287 176 1358 Vive,
191 1303 221 1344 n.
237 1289 265 1343 4.
309 1282 481 1362 Opinionem
501 1283 679 1360 singularem
695 1303 783 1362 quam
804 1285 900 1345 tenuit
912 1286 1041 1344 Euenum

86 1387 121 1460 (l.
137 1389 165 1456 4,
180 1403 209 1461 q.
227 1383 289 1461 ll),
304 1402 371 1442 oum
384 1402 443 1442 uno
457 1386 486 1442 ct
499 1383 595 1442 forsan
609 1384 699 1444 altero
714 1387 838 1458 auctore,
854 1384 913 1444 late
926 1385 1041 1462 impug-

86 1489 139 1544 nat
153 1484 310 1556 Hruuoun,
325 1482 346 1542 l.
357 1485 385 1555 2,
401 1501 431 1543 n.
448 1487 515 1555 828,
531 1485 581 1542 itio.
615 1485 676 1543 Neo
689 1483 785 1561 placet
798 1483 942 1544 sententia
955 1503 1042 1562 qnam

87 1584 165 1662 apud
179 1583 305 1659 aliquem
327 1587 474 1642 auctorem
491 1581 669 1642 insinuatam
682 1583 752 1658 vidi,
773 1603 885 1661 nempe,
901 1584 1042 1661 impoten-

87 1684 158 1742 tiam
172 1682 248 1742 hanc
270 1700 331 1741 esse
347 1687 569 1759 consequentem
588 1681 717 1742 divinam
739 1683 970 1760 prescientiam
994 1704 1044 1743 seu
1149 1669 1152 1676 ’

86 1785 119 1843 in
139 1802 226 1843 sensu
247 1782 403 1860 composito
416 1783 473 1843 Dei
487 1783 677 1860 praevidentis
695 1784 849 1859 neminem,
870 1784 933 1844 siue
953 1785 1044 1862 privi-

87 1882 172 1960 legio,
187 1901 317 1959 unquam
331 1882 428 1942 omnia
438 1883 563 1942 venialia
576 1883 773 1945 devitaturum
783 1904 854 1946 ossa.
892 1884 1044 1962 Displicet,

90 1991 149 2045 lum
172 1984 242 2062 quia
261 1983 407 2045 revelatur
424 2004 483 2045 non
507 1985 601 2044 solum
624 1984 769 2046 neminem
787 1986 880 2046 vitare
904 1987 952 2046 aad
969 2006 1047 2066 pocae

87 2091 183 2152 vitare
192 2110 200 2160 ;
221 2093 279 2148 tum
301 2089 371 2166 qnia
384 2089 425 2150 sic
442 2090 556 2150 definiri
575 2093 670 2168 posset
684 2111 712 2152 v.
727 2113 754 2169 g.
772 2092 878 2151 multos
892 2113 1003 2170 semper
1016 2093 1047 2151 in

88 2189 220 2251 Ecclesia
232 2210 290 2249 non
303 2209 386 2268 posse
398 2210 458 2250 nou
471 2210 532 2250 esse
546 2191 578 2250 in
592 2197 670 2251 statu
683 2191 803 2270 peccati,
815 2192 951 2269 quoniam
966 2211 1047 2252 reve-

88 2293 170 2352 latur
182 2291 290 2350 multos
304 2311 417 2369 sempor
430 2291 462 2350 in
475 2292 604 2361 Ecclesia
627 2311 688 2352 esse
707 2290 884 2369 peecatorem
908 2297 965 2351 tum
980 2293 1049 2369 quia

91 2391 125 2464 si,
139 2390 260 2468 praecisa
274 2390 373 2450 divina
391 2390 573 2470 praevisione,
592 2391 728 2469 possibile
742 2394 817 2452 esset
831 2391 1002 2469 simpliciter
1014 2395 1050 2450 ut

86 2492 163 2570 justi
177 2490 303 2550 vitarent
323 2490 420 2550 omnia
431 2490 559 2550 venialia
579 2490 669 2570 (sicut
687 2491 824 2569 possibile
844 2495 889 2550 est
907 2495 942 2550 ut
954 2491 1050 2550 vitent

91 2589 190 2650 omnia
210 2589 368 2667 mortalia),
385 2609 443 2649 nou
463 2589 557 2668 pauci,
576 2591 678 2650 saltem
699 2609 736 2650 ex
749 2589 863 2666 magnis
881 2589 996 2660 sanctia,
1018 2590 1048 2648 id

91 2689 305 2769 praestitissent.
720 2689 723 2694 '
920 2705 922 2710 ·

71 2829 75 2834 -
135 2795 163 2851 8.
185 2791 247 2850 III.
272 2789 510 2849 “Intotavita.”
548 2791 589 2849 10.
608 2788 1052 2865 (iommuuiterthoologidiount

92 2893 157 2951 haec
170 2890 259 2951 verba
278 2889 356 2949 idem
376 2909 476 2950 sonare
496 2909 529 2948 ao
552 2895 634 2966 “pro
652 2889 740 2967 longo
753 2888 919 2967 tempore:”
949 2889 1047 2948 Conci-

92 2991 168 3050 lium
182 2988 259 3050 euim
276 2993 296 3024 “
307 3009 366 3050 nou
380 2989 513 3065 designat
526 2992 641 3066 tempus
660 2989 730 3067 quia
742 2989 822 3064 vita,
844 2989 894 3050 scd
909 2988 978 3066 quia
990 2989 1052 3046 lon·

93 3110 175 3167 gum,
191 3109 224 3149 eo
238 3089 317 3167 quod
329 3088 391 3148 vita
404 3088 577 3166 regulariter
591 3089 676 3150 duret
689 3107 741 3167 per
755 3090 882 3150 notabile
896 3086 1052 3167 spatium.''

95 3188 189 3250 Suum.
203 3207 232 3249 n.
249 3191 316 3247 218.
887 3237 907 3280 ρ
953 3227 955 3232 ,
1116 3271 1119 3283 ,

138 3292 165 3345 9.
190 3287 229 3347 2⁰.
249 3287 317 3346 Non
340 3290 384 3347 est
404 3307 471 3364 ergo
493 3287 647 3348 definitum
663 3289 777 3364 justum
797 3307 855 3347 non
875 3307 966 3364 posse,
988 3307 1055 3346 oum

95 3386 218 3446 auxiliis
231 3385 394 3461 ordinariis,
411 3387 508 3446 omnia
518 3387 644 3447 venialia
653 3407 705 3465 pro
715 3388 799 3447 bravi
811 3393 939 3464 tempore
948 3387 1054 3445 vitare:

95 3495 156 3553 imo
178 3492 371 3553 communiter
393 3494 521 3570 theologi
543 3494 685 3553 affirmant
708 3513 774 3552 eum
795 3512 902 3571 posse;
923 3493 1011 3570 idque
1025 3491 1054 3550 in

96 3611 207 3652 canone
219 3591 338 3652 videtur
354 3593 507 3667 insinuari,
530 3593 660 3671 loquitur
682 3593 760 3652 onim
780 3595 895 3652 tantum
915 3592 951 3650 de
970 3579 1057 3666 longo

96 3701 236 3774 tempore.
279 3692 338 3754 Sed
359 3692 431 3774 quid
453 3694 563 3754 censeri
588 3693 674 3755 debet
694 3693 728 3753 iu
752 3693 807 3754 hac
828 3692 950 3754 materia
972 3692 1058 3752 breve

562 3792 579 3860 7
