2410 4318
35 431 165 483 nrsr.
181 407 273 504 vna]
324 411 506 486 Concordia
524 409 651 484 &acc
665 389 896 486 renatabat.
967 431 1030 502 233

41 585 118 644 est
141 601 233 661 qoam
253 585 336 644 actus
358 581 511 644 creationis
535 579 730 656 continuatus,
752 601 806 645 neo
819 601 878 645 una
891 582 927 646 ab
941 583 1032 648 alters

43 681 134 744 nisi
149 683 476 761 ratioue'distingnitnr.

111 782 146 843 5.
168 782 285 844 Tertius
297 787 381 844 ectus
395 784 516 862 (dequo
531 781 591 844 solo
603 780 652 844 hie
666 800 758 843 sermo
772 781 831 858 est)
851 785 896 844 est
909 785 1031 866 inflictos

49 883 104 944 in
118 887 284 946 creaturam
306 886 339 946 in
360 886 480 962 agendo,
503 887 535 945 et
554 885 603 946 hio
615 889 901 947 vocaturcococrsas.
940 887 1031 966 Apud

55 1005 180 1046 omnes
192 986 271 1048 enim
284 991 396 1048 certum
410 990 455 1048 est
467 1005 567 1046 censes
580 986 730 1057 secundas,
743 985 765 1047 i.
777 1005 802 1047 e.
817 1005 916 1048 omnes
929 1006 1030 1048 causes

53 1087 194 1160 creatas,
209 1086 288 1146 nihil
300 1106 384 1164 agere
393 1088 442 1148 vel
455 1087 565 1148 efficere
585 1105 668 1163 posse
689 1085 752 1145 sine
771 1086 884 1146 anxilio
898 1105 949 1146 seu
963 1107 1029 1148 con·

55 1204 164 1245 cursu
176 1205 269 1248 causa
278 1188 389 1265 primae,
404 1188 425 1249 i.
434 1208 459 1250 e.
474 1187 540 1248 Dei.
580 1187 639 1246 Hic
649 1205 816 1260 concursus,
827 1189 930 1266 utpote
938 1189 1028 1248 omni·

58 1287 130 1346 bns
153 1287 283 1351 omnium
305 1289 421 1350 omnino
442 1292 638 1348 creaturarum
657 1287 819 1348 actionibus
840 1289 1025 1364 necessarius,

63 1391 200 1445 vocatur
222 1405 376 1446 concursus
398 1386 545 1464 generalis,
571 1391 604 1446 nt
625 1386 823 1464 distinguatur
850 1389 886 1448 eb
910 1389 1030 1450 auxiliis

64 1500 153 1560 quse,
168 1485 273 1558 praeter
294 1483 373 1543 huno
396 1501 570 1542 concursum
591 1483 754 1558 generalem
776 1485 940 1544 necessaria
961 1490 1030 1546 sunt

65 1583 111 1642 ad
126 1583 183 1642 hoo
196 1582 245 1643 vel
266 1582 344 1643 illud
364 1583 487 1660 speciale
508 1582 700 1655 efficiendum,
724 1602 753 1641 v.
764 1603 793 1660 g.
809 1585 845 1644 ad
864 1587 1030 1662 ponendum

65 1701 153 1759 opus
165 1680 300 1744 salutare.
341 1680 471 1748 Quaestio
484 1699 543 1740 non
556 1685 600 1740 est
606 1680 655 1740 hic
662 1681 698 1742 de
711 1681 805 1741 causis
815 1701 853 1742 ex
861 1684 1031 1746 necessitate

66 1781 239 1866 agentibus,
254 1800 284 1842 v.
294 1800 323 1858 g.
336 1781 405 1858 igue
418 1781 456 1842 ad
468 1781 584 1858 lignum
606 1780 738 1842 adhibito
757 1781 891 1860 illudque
914 1785 1027 1844 combu-

67 1883 168 1953 rente,
192 1881 242 1942 sed
265 1880 302 1940 de
323 1881 438 1941 actibus
457 1879 568 1952 liberis,
592 1899 621 1942 v.
642 1899 669 1956 g.
693 1879 848 1944 humanis:
880 1885 911 1944 et
930 1883 966 1944 de
985 1883 1032 1944 his

69 1979 231 2058 queritur,
254 1979 350 2058 qualis
362 1979 569 2050 sitconcursus
580 1979 613 2040 in
626 1979 665 2040 iis
683 1981 835 2058 ponendis.
876 1982 1031 2062 Triplicem

71 2080 113 2139 de
127 2080 182 2138 hoe
195 2079 368 2139 sententiam
381 2078 508 2139 breviter
528 2078 616 2139 simul
630 2083 662 2141 et
674 2079 750 2140 clare
770 2085 885 2142 enarrat
897 2082 1033 2144 Briossus

74 2179 130 2258 (de
143 2179 215 2252 Deo,
230 2197 255 2240 c.
273 2181 319 2252 18,
333 2197 363 2240 n.
378 2177 438 2257 14),
451 2178 573 2258 loquens
584 2181 620 2238 de
634 2198 720 2240 causa
733 2181 859 2242 secunda
871 2181 904 2242 in
917 2201 1031 2260 genere,

75 2279 143 2339 sive
156 2277 315 2338 necessario
337 2278 399 2338 sive
420 2278 511 2338 libere
525 2281 628 2356 agente
640 2285 712 2340 :—“
721 2278 885 2341 Ooncursus
898 2281 955 2342 Dei
966 2301 1033 2341 cum

75 2380 175 2439 causis
189 2377 331 2452 secundis,
356 2377 389 2437 in
408 2397 512 2454 genere
533 2397 627 2438 causae
647 2378 807 2454 efficientis,
827 2380 921 2440 tribus
940 2381 1032 2442 modis

74 2477 206 2553 intelligi
218 2482 249 2538 et
261 2477 405 2556 explicari
416 2480 523 2556 potest.
564 2477 671 2549 Primo,
692 2481 728 2538 nt
740 2480 820 2540 Deus
840 2480 904 2540 ideo
918 2479 1032 2540 dicetur

75 2596 247 2638 concurrere
260 2597 329 2638 eum
348 2577 443 2638 causis
463 2577 606 2651 secundis,
628 2576 698 2656 quia
718 2578 769 2639 dat
787 2578 850 2638 illie
869 2580 1032 2640 naturalem

78 2679 142 2740 vim
155 2681 269 2756 agendi,
292 2683 322 2740 et
345 2682 588 2742 conconservet
631 2679 773 2752 Secundo,
799 2679 870 2758 quia
891 2684 989 2740 movet
1002 2685 1033 2740 et

80 2780 208 2859 applicat
230 2780 298 2840 illas
318 2781 529 2858 ad1agendum,
553 2779 630 2840 sicut
651 2781 732 2841 faber
751 2784 849 2842 movet
862 2784 892 2842 et
905 2782 1032 2860 applicat

81 2881 207 2942 securim
220 2883 257 2941 ad
270 2881 461 2942 scindendum
476 2880 544 2962 [sed
557 2900 658 2941 causas
670 2881 777 2942 liberas
790 2883 828 2942 ad
840 2883 930 2944 libere
943 2902 1031 2960 ogen-

83 2982 163 3053 dum,
186 2981 273 3054 infre,
286 3000 317 3043 n.
332 2980 396 3062 29].
437 2981 545 3052 Tertio,
570 2981 641 3059 quia
662 2981 762 3041 influit
782 2981 816 3042 in
837 2982 979 3043 actionem
1002 2985 1033 3042 et

83 3083 218 3145 effectum
224 3083 350 3142 illarum.
390 3082 446 3142 Est
458 3086 556 3142 antem
569 3101 707 3159 magnum
720 3083 875 3144 ffiwrimen
884 3083 960 3144 inter
979 3084 1033 3143 hos

83 3189 140 3246 tres
152 3184 260 3246 modos.
301 3184 377 3243 Nam
390 3183 501 3262 primus
514 3183 592 3242 nihil
609 3183 690 3242 aliud
704 3183 808 3245 tribuit
820 3185 882 3244 Deo
894 3183 954 3244 nisi
966 3203 1032 3244 cou-

83 3283 274 3346 servationem
296 3302 447 3342 causarum
470 3283 661 3343 secundarum
682 3281 766 3364 [cum
778 3284 888 3343 virtute
901 3281 1032 3364 agendi}

88 3385 243 3458 Secundus,
257 3388 365 3462 prater
377 3383 632 3454 conservationem,
654 3383 770 3456 tribuit,
791 3383 879 3443 etiam
893 3383 1035 3444 actionem

86 3486 239 3564 quandam,
255 3504 314 3562 qus
326 3488 424 3544 movet
437 3487 467 3544 et
480 3484 608 3562 applicat
628 3503 728 3544 causes
748 3483 886 3544 secundas
899 3484 936 3542 ed
949 3503 1035 3560 agen·

88 3586 173 3645 dum:
202 3585 246 3644 ita
277 3589 313 3644 ut
342 3586 418 3646 actio
446 3584 499 3644 illa
528 3583 568 3644 sit
594 3583 733 3644 distincta
752 3584 789 3642 ab
809 3581 922 3642 actione
941 3601 1034 3642 causae

89 3687 239 3760 wouudm
262 3685 338 3760 sieut
350 3686 435 3764 actio,
450 3703 509 3782 qua
521 3684 602 3764 faber
615 3691 712 3762 mosot
724 3688 755 3748 et
765 3683 892 3781 applicat
911 3682 1034 3762 asarias
