2402 4292
59 408 161 456 msa.
177 391 226 478 ru]
275 391 330 457 De
345 388 628 477 Dz'spcsz'tzbm'bus
643 388 690 454 ad
705 387 807 474 Justz·
829 410 854 456 c.
973 396 1036 481 369

58 557 135 616 alic
145 557 313 617 fortitudini
326 579 333 628 ;
355 557 387 616 iu
400 558 456 617 alio
466 557 648 634 vigilantiae;
665 556 697 616 in
708 555 867 616 aliolabori
876 555 1035 634 indefesso;

60 665 129 722 &c
145 663 194 721 &c
210 684 219 733 ς
240 661 296 720 etsi
309 679 407 720 omnes
429 660 488 722 illae
500 659 667 740 qualitates,
683 659 751 738 plus
764 658 862 718 minus
876 663 1034 723 secundum

59 761 308 822 circumstantias
321 763 485 838 temporum
497 763 527 820 et
540 760 680 832 locorum,
692 759 725 818 in
738 758 818 818 omni
832 760 907 820 bone
920 765 1035 839 pastore

61 861 216 939 conjungi
228 860 344 920 debent.
379 859 475 920 Simili
489 860 583 933 medo,
597 860 695 937 plnres
705 857 864 936 qualitates
876 860 914 920 ed
926 861 1034 922 bonnm

61 959 148 1018 belli
167 960 270 1023 ducem
289 959 474 1020 efficiendum
495 959 663 1020 necessaria
677 961 753 1018 sunt
794 959 925 1020 Victoris
938 963 1035 1022 tamen

63 1064 222 1138 reportata
234 1060 267 1122 in
280 1061 338 1121 alio
351 1061 540 1134 fortitudini3
561 1060 594 1120 in
614 1059 671 1120 alic
691 1059 960 1137 circumspectioni3
984 1065 1035 1124 &u

63 1163 237 1224 ascribitur.
278 1163 390 1222 Fabius
412 1157 573 1224 Cunctatbr
592 1165 661 1222 s'ane
681 1179 740 1220 non
759 1160 814 1220 solo
842 1167 861 1194 “
871 1164 1035 1224 cunctando

65 1265 206 1325 restituit
219 1263 315 1326 rem.”

117 1369 165 1425 62.
187 1365 261 1424 (tum
274 1363 342 1424 talis
356 1364 395 1425 sit
406 1383 478 1424 usus
488 1363 628 1444 loquendi
638 1361 820 1434 universalis,
835 1364 944 1425 etcum
956 1363 1035 1424 inter

69 1464 280 1544 dispositiones
300 1465 336 1524 ad
354 1463 598 1542 justificationem
618 1463 691 1524 fides
708 1481 808 1522 omnes
821 1463 928 1524 habeat
940 1465 1033 1542 quali·

70 1572 154 1627 tates
174 1585 269 1644 supra,
291 1586 321 1627 n.
338 1570 387 1638 61,
409 1564 550 1625 indicatas
573 1565 613 1643 (a,
629 1567 659 1637 b,
674 1584 699 1635 c,
716 1565 758 1642 d),
779 1565 888 1624 mirum
907 1583 966 1624 non
989 1570 1033 1626 est
1085 1556 1088 1563 ‘

70 1668 148 1728 fidei
167 1666 262 1739 toties,
292 1666 355 1726 sine
383 1665 445 1724 ulls
465 1669 625 1726 ceterarum
655 1663 853 1724 conditionum
876 1665 1031 1738 mentions,
1125 1703 1131 1714 ι

71 1772 224 1846 acceptam
243 1767 344 1826 referri
359 1767 612 1844 justificationem.
653 1768 725 1839 Im0‚
748 1769 878 1844 spectato
898 1765 956 1828 iste
977 1785 1033 1828 usu

71 1867 224 1946 loquendi,
239 1868 324 1926 valde
337 1868 443 1925 mirum
457 1870 533 1928 esset
546 1867 571 1926 si
584 1886 630 1926 res
645 1867 729 1926 aliter
743 1886 773 1925 se
786 1866 913 1927 haberet

118 1973 167 2028 68.
188 1969 232 2027 II.
253 1967 333 2026 Huic
346 1970 518 2042 argumento
532 1987 584 2045 per
597 1985 627 2026 ss
639 1966 750 2026 invicto
765 1966 890 2026 alterum
911 1965 1033 2044 adjungi

72 2072 173 2146 potest
192 2087 251 2127 nnn
271 2069 368 2126 minus
388 2067 543 2128 invictum.
584 2067 698 2127 Laudes
716 2068 780 2126 istc
803 2069 832 2126 et
852 2068 1032 2129 commcnda-

72 2169 172 2240 tiones
197 2167 273 2240 fidei,
302 2167 476 2244 plerumque
504 2167 615 2239 saltem,
644 2167 679 2226 ad
704 2186 752 2227 eos
773 2169 826 2226 aut
844 2169 963 2244 propter
984 2187 1033 2229 ecs

72 2269 185 2330 habitas
207 2275 283 2341 sunt,
303 2269 365 2346 qui,
389 2268 450 2329 sive
473 2269 492 2328 J
494 2269 572 2329 udsei
592 2268 654 2328 sive
674 2269 809 2346 gentiles,
832 2268 926 2330 adhuc
944 2269 1032 2330 fldem

76 2370 191 2432 christi
211 2390 270 2429 non
293 2375 472 2448 receperunt,
501 2371 549 2429 vel
575 2389 700 2446 quorum
726 2371 808 2446 fides,
840 2391 878 2431 cx
904 2371 1032 2433 inductis

73 2470 220 2531 erroribus
234 2489 285 2529 seu
300 2469 555 2547 superstitionibus
571 2469 755 2546 quibusdam,
779 2491 818 2530 ex
838 2471 920 2531 falsis
933 2472 1030 2531 docto·

74 2572 158 2632 ribus
190 2570 390 2643 incitantibus,
420 2572 469 2631 vel
495 2590 535 2630 ex
562 2571 628 2629 aliis
661 2571 765 2644 causis,
801 2573 1030 2649 periclitabatur.

76 2671 232 2742 Quoniam,
246 2677 383 2749 utsupra
397 2671 507 2731 dictum
522 2674 574 2743 est,
594 2671 652 2730 lide
665 2671 766 2730 habita
779 2673 876 2731 omnia
888 2673 1033 2732 habentur

76 2771 126 2831 vel
139 2771 224 2831 facilc
243 2771 344 2830 haberi
367 2774 498 2848 possunt,
519 2771 578 2830 fide
600 2789 659 2829 non
682 2771 783 2830 habita
802 2771 879 2830 nihil
896 2773 1029 2848 habetur,

76 2871 135 2930 fide
158 2871 263 2930 amissa
288 2870 384 2930 omnic
409 2871 603 2944 amittuntur3
625 2870 697 2947 quid
715 2890 783 2948 ergo
811 2891 870 2931 non
890 2873 1032 2932 credenti-

76 2975 134 3032 bus
148 2971 367 3048 propnnendum
386 2969 454 3055 est?
474 2969 548 3048 quid
568 2969 606 3028 iis
626 2971 844 3048 praedicandum
864 2975 894 3033 et
911 2973 1032 3034 suaden-

77 3069 169 3130 dum?
208 3071 296 3129 Fides
321 3070 409 3146 plane
435 3073 504 3129 ants
531 3069 637 3143 omnia,
666 3070 739 3130 fides
764 3071 910 3150 imprimis
934 3073 1030 3146 unice,

78 3170 199 3248 ejusque
222 3169 380 3228 necessitas
398 3171 429 3230 ct
452 3168 587 3230 efficacia.
630 3169 813 3248 Quapropter
832 3171 870 3230 iis
889 3172 1030 3249 praedica·

77 3273 159 3330 retur
171 3269 306 3329 contritio
319 3269 507 3346 autjcharitns
521 3272 572 3329 aut
582 3269 694 3347 aliquid
707 3270 867 3348 ejusmodi;
888 3290 963 3344 cum,
974 3271 1033 3336 nisi

77 3371 159 3450 prius
172 3371 271 3432 habita
283 3372 350 3444 fide,
365 3371 418 3430 ills
430 3371 535 3430 habere
547 3391 607 3432 non
620 3375 751 3449 possunt,
767 3375 819 3432 aut
832 3392 898 3450 qum
912 3373 972 3433 sint
980 3374 1031 3436 vix

79 3472 245 3550 intelligere
258 3475 403 3550 possunt?
436 3472 516 3532 Hinc
531 3473 666 3533 Ohristus
680 3473 750 3533 adeo
761 3474 889 3550 graviter
901 3474 1032 3536 inculcat

79 3573 279 3633 necessitatem
292 3571 361 3632 fidei
374 3571 406 3631 in
420 3573 567 3650 seipsum:
588 3573 607 3633 J
608 3593 670 3633 can.
684 3572 729 3634 iii.
745 3576 791 3646 15,
806 3578 851 3647 16,
870 3579 915 3634 lt.
949 3575 1031 3635 Hinc

80 3689 137 3730 non
145 3668 244 3729 minus
255 3669 383 3746 graviter
394 3669 514 3729 eandem
525 3669 727 3732 necessitatem
738 3670 1029 3750 preadicatBaptists,

497 3769 554 3830 17*
