2408 4304
68 453 170 498 mar.
187 432 264 518 xia]
454 431 510 498 De
523 431 659 499 Merito.
974 443 1034 518 461

126 602 191 657 190.
218 598 371 668 Quaritor.
394 596 438 658 50.
460 598 510 657 An
529 599 666 660 meritum
692 599 731 660 ait
753 601 849 678 majus
878 619 916 661 ex
930 619 963 662 eo
977 604 1037 663 eolo

67 699 162 775 quod
184 717 296 758 merens
316 699 355 757 eit
376 697 517 760 sanctior:
541 718 593 758 eeu
616 718 654 758 an
677 703 818 776 augeatur
838 699 975 761 meritum
997 721 1036 762 ex

66 797 185 874 majori
198 797 340 874 dignitato
353 795 512 857 merentia?
551 798 636 874 Raop.
660 798 702 859 10.
725 801 769 858 De
785 798 899 859 Christo
913 801 1037 860 Domino

68 913 182 953 omnen
199 894 360 967 affirmant;
382 895 412 954 et
425 893 557 952 dootrina
569 913 678 970 negans
691 893 808 954 videtur
821 915 882 954 essa
896 897 1033 958 damnata

67 993 114 1053 in
143 993 222 1064 Baio,
249 1013 331 1071 prop.
363 996 408 1050 19.
450 993 518 1053 Vid.
541 993 722 1065 Fannanmr,
754 993 791 1052 de
818 995 933 1054 Inoarn.
959 1015 981 1055 a.
1004 1002 1033 1070 4,

69 1095 208 1154 Praenot.
222 1100 250 1152 4.
293 1094 336 1154 2⁰.
358 1096 403 1154 De
414 1093 516 1154 merito
527 1093 760 1152 autemhominie
773 1093 1036 1156 scindunturtheo·

69 1193 151 1269 logi.
192 1194 240 1252 Ex
266 1196 351 1270 parta
374 1195 534 1253 affirmante
551 1193 611 1252 vid.
636 1193 755 1266 Sorano,
777 1213 801 1253 o.
817 1198 871 1267 22;
894 1194 984 1267 Lnoo,
1000 1197 1036 1255 <io

74 1295 232 1354 Inoarnat.
255 1295 282 1354 d.
298 1301 326 1368 6,
349 1299 428 1366 a.2;
448 1295 536 1367 Vim,
566 1313 593 1370 q.
609 1299 636 1366 3,
665 1299 739 1367 12,
763 1313 793 1354 n.
817 1298 873 1369 113
896 1298 946 1357 &a
987 1297 1036 1356 Ex

71 1397 164 1470 parte
176 1398 301 1470 negante
320 1394 400 1472 (quae
418 1393 492 1452 mihi
511 1393 603 1452 multo
617 1393 793 1470 probabilior
806 1395 864 1471 est)
886 1395 946 1454 vid.
963 1395 1035 1456 San·

72 1513 202 1556 nanno.
218 1496 246 1554 d.
261 1499 289 1567 4,
304 1514 334 1554 n.
346 1499 383 1553 58
401 1518 410 1566 ς
433 1493 565 1568 Gonnaz,
578 1513 608 1552 n.
626 1498 698 1568 1853
722 1495 863 1568 Srauaon,
877 1515 906 1574 q.
919 1501 947 1570 2,
965 1515 990 1556 a.
1004 1503 1032 1569 3,

73 1599 141 1654 mo
161 1617 170 1665 3
192 1597 242 1654 &a
464 1576 466 1582 Ι

122 1697 190 1754 191.
218 1694 361 1763 Quartam
375 1691 419 1754 6⁰.
438 1695 495 1767 An,
513 1695 597 1753 auoit
609 1692 703 1769 gratia
712 1714 764 1771 per
776 1713 863 1772 opera
872 1695 1030 1769 meritoria,

74 1798 242 1870 augeantur
261 1798 363 1854 oeterae
385 1794 511 1853 virtutes
537 1793 667 1853 infuere?
708 1793 824 1870 “Boap.
849 1795 1030 1854 affirmative.

76 1893 270 1952 Itaeximius
294 1893 416 1964 Sorano,
441 1894 461 1952 l.
479 1899 505 1966 9,
530 1898 587 1953 o.4
609 1892 687 1974 [etl.
706 1897 751 1965 12,
777 1913 802 1952 o.
818 1895 866 1965 25,
888 1912 918 1952 n.
935 1893 978 1974 5],
1002 1899 1032 1954 et

77 1993 261 2052 communior
284 1993 409 2052 aliorum
430 1997 529 2052 oontra
543 1995 678 2056 Vmomz
706 1991 750 2072 [d.
772 1997 840 2064 220,
856 2012 886 2053 n.
902 1991 966 2074 56]‚
979 1994 1031 2070 qui

74 2095 166 2168 putat
186 2111 244 2151 non
262 2091 362 2167 augeri
381 2093 516 2150 habitum
537 2092 606 2151 fidei
630 2096 660 2151 et
680 2089 741 2169 spei
765 2089 890 2172 [nisiex
905 2093 1031 2169 propriis

74 2190 191 2250 aotibue
204 2191 320 2249 illarum
334 2187 504 2268 virtutum],
529 2190 578 2248 aad
595 2189 689 2247 solum
702 2189 849 2248 virtutum
862 2191 1026 2260 moralium,

75 2292 108 2348 et
121 2287 201 2362 alios,
217 2289 268 2364 qui
283 2293 389 2365 putant
402 2287 494 2346 solum
508 2287 608 2361 augeri
619 2307 684 2346 oum
696 2287 789 2361 gratia
798 2287 884 2346 illum
894 2289 1029 2347 habitum

74 2388 163 2464 oujua
182 2393 227 2447 eet
246 2393 336 2446 actua.
379 2387 465 2446 Ratio
486 2387 577 2464 hujus
599 2389 651 2457 eat,
667 2386 737 2461 quia
756 2386 842 2444 homo
862 2386 963 2462 justus
977 2407 1029 2464 per

74 2490 192 2567 singula
204 2511 289 2567 opera
302 2490 532 2568 supernaturalia
546 2495 672 2549 meretur
686 2489 721 2546 de
731 2488 874 2564 condigno
888 2508 1027 2564 augmen*

74 2594 141 2648 tum
159 2589 262 2666 gratiae
284 2593 314 2649 et
333 2589 449 2664 gloriae:
478 2608 545 2664 ergo
568 2588 655 2646 etiam
678 2591 807 2645 meretur
833 2593 1027 2662 augmentum

73 2687 205 2746 omnium
218 2688 362 2746 virtutum
378 2687 539 2746 infusarum
558 2709 566 2757 3
590 2691 625 2745 ut
645 2691 711 2762 pote
725 2704 791 2762 quaa
805 2685 930 2760 gratiam
944 2687 1028 2746 habi·

73 2785 187 2846 tualem
200 2789 339 2864 tanquam
356 2787 546 2863 proprietates
570 2785 691 2844 morales
713 2783 952 2856 oonoomitantur,
977 2791 1029 2845 aut

74 2886 170 2946 eidem
184 2888 439 2948 subordinantur.'’
475 2887 598 2959 Snuoan,
611 2906 639 2963 q.
656 2891 683 2958 3,
701 2905 726 2944 a.
744 2888 769 2956 1,
785 2903 814 2943 n.
834 2889 859 2944 l.

118 2989 184 3046 192.
210 2989 355 3058 Quaeritur
370 2987 409 3050 7⁰.
432 2987 496 3053 Quo
510 3007 597 3046 aenou
610 2986 836 3062 intelligendum
855 2989 900 3046 est
915 2985 1026 3046 dietum

72 3085 157 3158 illud,
181 3088 256 3163 apud
271 3087 420 3162 theologos
433 3092 581 3163 reoeptum
593 3085 757 3144 :-“Deue
776 3103 862 3161 opera
877 3086 1026 3162 justorum

74 3183 154 3244 ultra
167 3185 343 3262 condignum
362 3183 569 3245 remunerat?”
602 3184 685 3259 Eaap.
709 3184 749 3242 1⁰.
772 3185 836 3242 Hoo
850 3183 958 3242 diotum
968 3204 1028 3244 non

73 3287 208 3348 firmatur
229 3289 292 3348 ulla
312 3289 480 3349 definitione
504 3288 649 3348 Ecclesiae.
692 3287 826 3357 Quidam,
849 3286 892 3345 ait
912 3287 1026 3346 Sorano

75 3385 116 3466 (o.
131 3391 179 3461 31,
200 3408 230 3450 n.
248 3389 288 3468 l),
314 3389 444 3448 aolebant
467 3387 594 3464 proferre
616 3405 698 3464 prop.
723 3389 757 3444 14
773 3385 921 3446 Baii:-“
933 3387 1027 3463 Opera

73 3491 149 3551 bona
165 3489 312 3566 justorum
324 3508 383 3548 non
397 3487 538 3564 aooipient
554 3485 586 3544 in
600 3485 647 3545 die
663 3482 770 3562 judieii
784 3483 908 3544 extremi
923 3486 1025 3562 ampli-

75 3607 153 3649 orem
172 3589 341 3662 memoriam,
367 3606 455 3665 quam
465 3583 546 3664 justo
566 3584 621 3644 Dei
634 3583 747 3662 judicio
768 3588 932 3643 mereantur
952 3585 1025 3644 aooi·

75 3687 172 3768 pere.'’
209 3689 311 3750 “Haeo
323 3693 420 3750 autom
434 3685 619 3767 propositio,”
636 3684 678 3746 ait
691 3683 777 3760 idem,
794 3683 848 3746 “ai
861 3684 1027 3763 precedens

521 3790 579 3848 21·
