<?xml version="1.0" encoding="UTF-8"?>
<!DOCTYPE html PUBLIC "-//W3C//DTD XHTML 1.0 Transitional//EN"
    "http://www.w3.org/TR/xhtml1/DTD/xhtml1-transitional.dtd">
<html xmlns="http://www.w3.org/1999/xhtml" xml:lang="en" lang="en">
 <head>
  <title>
</title>
<meta http-equiv="Content-Type" content="text/html;charset=utf-8" />
  <meta name='ocr-system' content='tesseract 3.04.00' />
  <meta name='ocr-capabilities' content='ocr_page ocr_carea ocr_par ocr_line ocrx_word'/>
</head>
<body>
  <div class='ocr_page' id='page_1' title='image "./tractatusdegrat00murrgoog_0138.png"; bbox 0 0 2424 4300; ppageno 0'>
   <div class='ocr_carea' id='block_1_1' title="bbox 97 427 1050 518">
    <p class='ocr_par' dir='ltr' id='par_1_1' title="bbox 97 427 1050 518">
     <span class='ocr_line' id='line_1_1' title="bbox 97 427 1050 518; baseline 0.007 -25"><span class='ocrx_word' id='word_1_1' title='bbox 97 449 181 495; x_wconf 81' lang='lat' dir='ltr'><strong>nrsr.</strong></span> <span class='ocrx_word' id='word_1_2' title='bbox 197 429 244 514; x_wconf 82' lang='lat' dir='ltr'><strong>v.]</strong></span> <span class='ocrx_word' id='word_1_3' title='bbox 292 428 347 493; x_wconf 77' lang='lat' dir='ltr'><strong>Dc</strong></span> <span class='ocrx_word' id='word_1_4' title='bbox 364 428 484 494; x_wconf 75' lang='lat' dir='ltr'><strong>Gratia</strong></span> <span class='ocrx_word' id='word_1_5' title='bbox 498 427 590 493; x_wconf 78' lang='lat' dir='ltr'><strong>Med.</strong></span> <span class='ocrx_word' id='word_1_6' title='bbox 606 429 934 518; x_wconf 56' lang='grc' dir='ltr'><strong>ΛΕΜ-[10111111.</strong></span> <span class='ocrx_word' id='word_1_7' title='bbox 993 457 1050 516; x_wconf 82' lang='lat'><strong>1²3</strong></span> 
     </span>
    </p>
   </div>
   <div class='ocr_carea' id='block_1_2' title="bbox 84 595 1119 3752">
    <p class='ocr_par' dir='ltr' id='par_1_2' title="bbox 94 595 1050 966">
     <span class='ocr_line' id='line_1_2' title="bbox 97 595 1047 674; baseline 0.007 -20"><span class='ocrx_word' id='word_1_8' title='bbox 97 597 147 654; x_wconf 89' lang='lat' dir='ltr'><strong>sit.</strong></span> <span class='ocrx_word' id='word_1_9' title='bbox 191 595 311 666; x_wconf 78' lang='lat' dir='ltr'><strong>Soram,</strong></span> <span class='ocrx_word' id='word_1_10' title='bbox 338 615 367 655; x_wconf 90' lang='lat' dir='ltr'><strong>n.</strong></span> <span class='ocrx_word' id='word_1_11' title='bbox 390 599 438 666; x_wconf 79' lang='lat'><strong>25,</strong></span> <span class='ocrx_word' id='word_1_12' title='bbox 461 595 512 654; x_wconf 89' lang='lat' dir='ltr'><strong>sed</strong></span> <span class='ocrx_word' id='word_1_13' title='bbox 532 595 637 655; x_wconf 90' lang='lat' dir='ltr'><strong>melius</strong></span> <span class='ocrx_word' id='word_1_14' title='bbox 652 598 687 656; x_wconf 87' lang='lat' dir='ltr'><strong>ds</strong></span> <span class='ocrx_word' id='word_1_15' title='bbox 702 597 786 668; x_wconf 82' lang='lat' dir='ltr'><strong>Volo,</strong></span> <span class='ocrx_word' id='word_1_16' title='bbox 801 598 822 658; x_wconf 93' lang='lat' dir='ltr'><strong>l.</strong></span> <span class='ocrx_word' id='word_1_17' title='bbox 839 603 865 668; x_wconf 84' lang='lat'><strong>2,</strong></span> <span class='ocrx_word' id='word_1_18' title='bbox 881 619 905 658; x_wconf 90' lang='lat' dir='ltr'><strong>c.</strong></span> <span class='ocrx_word' id='word_1_19' title='bbox 922 605 949 670; x_wconf 89' lang='grc'><strong>3,</strong></span> <span class='ocrx_word' id='word_1_20' title='bbox 965 621 995 660; x_wconf 90' lang='lat' dir='ltr'><strong>n.</strong></span> <span class='ocrx_word' id='word_1_21' title='bbox 1011 607 1047 674; x_wconf 84' lang='lat'><strong>4;</strong></span> 
     </span>
     <span class='ocr_line' id='line_1_3' title="bbox 97 695 1050 776; baseline 0.008 -23"><span class='ocrx_word' id='word_1_22' title='bbox 97 695 190 755; x_wconf 76' lang='lat' dir='ltr'><strong>Sasu.</strong></span> <span class='ocrx_word' id='word_1_23' title='bbox 204 713 233 755; x_wconf 90' lang='lat' dir='ltr'><strong>n.</strong></span> <span class='ocrx_word' id='word_1_24' title='bbox 248 697 316 766; x_wconf 80' lang='lat'><strong>237,</strong></span> <span class='ocrx_word' id='word_1_25' title='bbox 341 699 359 729; x_wconf 90' lang='lat'>“</span> <span class='ocrx_word' id='word_1_26' title='bbox 372 695 496 754; x_wconf 78' lang='lat' dir='ltr'><strong>censent</strong></span> <span class='ocrx_word' id='word_1_27' title='bbox 506 695 697 756; x_wconf 87' lang='lat' dir='ltr'><strong>communiter</strong></span> <span class='ocrx_word' id='word_1_28' title='bbox 711 698 839 758; x_wconf 88' lang='lat' dir='ltr'><strong>doctores</strong></span> <span class='ocrx_word' id='word_1_29' title='bbox 851 700 949 776; x_wconf 88' lang='lat' dir='ltr'><strong>plures</strong></span> <span class='ocrx_word' id='word_1_30' title='bbox 961 701 1050 761; x_wconf 82' lang='lat' dir='ltr'><strong>Sanc-</strong></span> 
     </span>
     <span class='ocr_line' id='line_1_4' title="bbox 95 793 1049 871; baseline 0.008 -20"><span class='ocrx_word' id='word_1_31' title='bbox 95 799 151 866; x_wconf 87' lang='lat' dir='ltr'><strong>tos,</strong></span> <span class='ocrx_word' id='word_1_32' title='bbox 168 794 231 854; x_wconf 83' lang='lat' dir='ltr'><strong>aine</strong></span> <span class='ocrx_word' id='word_1_33' title='bbox 253 793 372 870; x_wconf 87' lang='lat' dir='ltr'><strong>speciali</strong></span> <span class='ocrx_word' id='word_1_34' title='bbox 386 794 551 871; x_wconf 80' lang='lat' dir='ltr'><strong>privilegio,</strong></span> <span class='ocrx_word' id='word_1_35' title='bbox 568 795 694 856; x_wconf 78' lang='lat' dir='ltr'><strong>caruisse</strong></span> <span class='ocrx_word' id='word_1_36' title='bbox 717 801 779 858; x_wconf 84' lang='lat' dir='ltr'><strong>tota</strong></span> <span class='ocrx_word' id='word_1_37' title='bbox 801 798 863 858; x_wconf 87' lang='lat' dir='ltr'><strong>vita</strong></span> <span class='ocrx_word' id='word_1_38' title='bbox 885 799 1049 860; x_wconf 87' lang='lat' dir='ltr'><strong>venialibus</strong></span> 
     </span>
     <span class='ocr_line' id='line_1_5' title="bbox 94 892 515 966; baseline -0.002 -14"><span class='ocrx_word' id='word_1_39' title='bbox 94 892 295 954; x_wconf 83' lang='lat' dir='ltr'><strong>deliberatis.&#39;’</strong></span> <span class='ocrx_word' id='word_1_40' title='bbox 337 893 424 966; x_wconf 73' lang='lat' dir='ltr'><strong>Viva,</strong></span> <span class='ocrx_word' id='word_1_41' title='bbox 441 913 470 952; x_wconf 91' lang='lat' dir='ltr'><strong>u.</strong></span> <span class='ocrx_word' id='word_1_42' title='bbox 490 897 515 951; x_wconf 92' lang='lat'><strong>1.</strong></span> 
     </span>
    </p>

    <p class='ocr_par' dir='ltr' id='par_1_3' title="bbox 87 992 1050 2270">
     <span class='ocr_line' id='line_1_6' title="bbox 140 992 1050 1075; baseline 0.009 -23"><span class='ocrx_word' id='word_1_43' title='bbox 140 997 185 1053; x_wconf 88' lang='grc'><strong>13.</strong></span> <span class='ocrx_word' id='word_1_44' title='bbox 218 993 259 1052; x_wconf 82' lang='grc'><strong>40.</strong></span> <span class='ocrx_word' id='word_1_45' title='bbox 291 993 353 1053; x_wconf 87' lang='lat' dir='ltr'><strong>Neo</strong></span> <span class='ocrx_word' id='word_1_46' title='bbox 376 992 530 1052; x_wconf 85' lang='lat' dir='ltr'><strong>definitum</strong></span> <span class='ocrx_word' id='word_1_47' title='bbox 555 999 598 1053; x_wconf 93' lang='lat' dir='ltr'><strong>est</strong></span> <span class='ocrx_word' id='word_1_48' title='bbox 629 995 745 1072; x_wconf 89' lang='lat' dir='ltr'><strong>justum</strong></span> <span class='ocrx_word' id='word_1_49' title='bbox 769 1016 826 1056; x_wconf 89' lang='lat' dir='ltr'><strong>uon</strong></span> <span class='ocrx_word' id='word_1_50' title='bbox 851 1017 932 1075; x_wconf 88' lang='lat' dir='ltr'><strong>posse</strong></span> <span class='ocrx_word' id='word_1_51' title='bbox 955 998 1050 1060; x_wconf 79' lang='lat' dir='ltr'><strong>vitare</strong></span> 
     </span>
     <span class='ocr_line' id='line_1_7' title="bbox 94 1091 1048 1174; baseline 0.009 -23"><span class='ocrx_word' id='word_1_52' title='bbox 94 1093 193 1152; x_wconf 86' lang='lat' dir='ltr'><strong>omnia</strong></span> <span class='ocrx_word' id='word_1_53' title='bbox 215 1091 349 1162; x_wconf 85' lang='lat' dir='ltr'><strong>venialia,</strong></span> <span class='ocrx_word' id='word_1_54' title='bbox 376 1112 409 1151; x_wconf 89' lang='lat' dir='ltr'><strong>eo</strong></span> <span class='ocrx_word' id='word_1_55' title='bbox 433 1112 519 1152; x_wconf 87' lang='lat' dir='ltr'><strong>senso</strong></span> <span class='ocrx_word' id='word_1_56' title='bbox 543 1095 622 1171; x_wconf 89' lang='lat' dir='ltr'><strong>quod</strong></span> <span class='ocrx_word' id='word_1_57' title='bbox 645 1094 729 1154; x_wconf 88' lang='lat' dir='ltr'><strong>nulla</strong></span> <span class='ocrx_word' id='word_1_58' title='bbox 752 1101 797 1156; x_wconf 90' lang='lat' dir='ltr'><strong>est</strong></span> <span class='ocrx_word' id='word_1_59' title='bbox 817 1097 925 1174; x_wconf 84' lang='lat' dir='ltr'><strong>species</strong></span> <span class='ocrx_word' id='word_1_60' title='bbox 938 1099 1048 1174; x_wconf 84' lang='lat' dir='ltr'><strong>peecat‘</strong></span> 
     </span>
     <span class='ocr_line' id='line_1_8' title="bbox 93 1193 1049 1271; baseline 0.008 -19"><span class='ocrx_word' id='word_1_61' title='bbox 93 1213 184 1271; x_wconf 87' lang='lat' dir='ltr'><strong>quam</strong></span> <span class='ocrx_word' id='word_1_62' title='bbox 196 1212 255 1252; x_wconf 91' lang='lat' dir='ltr'><strong>non</strong></span> <span class='ocrx_word' id='word_1_63' title='bbox 269 1196 364 1269; x_wconf 89' lang='lat' dir='ltr'><strong>potest</strong></span> <span class='ocrx_word' id='word_1_64' title='bbox 385 1213 444 1252; x_wconf 92' lang='lat' dir='ltr'><strong>non</strong></span> <span class='ocrx_word' id='word_1_65' title='bbox 468 1193 631 1268; x_wconf 79' lang='lat' dir='ltr'><strong>admittere,</strong></span> <span class='ocrx_word' id='word_1_66' title='bbox 657 1214 717 1267; x_wconf 87' lang='lat' dir='ltr'><strong>seu,</strong></span> <span class='ocrx_word' id='word_1_67' title='bbox 743 1197 826 1256; x_wconf 87' lang='lat' dir='ltr'><strong>nulla</strong></span> <span class='ocrx_word' id='word_1_68' title='bbox 847 1201 892 1258; x_wconf 88' lang='lat' dir='ltr'><strong>est</strong></span> <span class='ocrx_word' id='word_1_69' title='bbox 911 1198 1005 1258; x_wconf 85' lang='lat' dir='ltr'><strong>virtus</strong></span> <span class='ocrx_word' id='word_1_70' title='bbox 1018 1200 1049 1260; x_wconf 91' lang='lat' dir='ltr'><strong>in</strong></span> 
     </span>
     <span class='ocr_line' id='line_1_9' title="bbox 92 1292 1049 1371; baseline 0.008 -20"><span class='ocrx_word' id='word_1_71' title='bbox 92 1313 181 1371; x_wconf 87' lang='lat' dir='ltr'><strong>quam</strong></span> <span class='ocrx_word' id='word_1_72' title='bbox 199 1312 257 1352; x_wconf 91' lang='lat' dir='ltr'><strong>non</strong></span> <span class='ocrx_word' id='word_1_73' title='bbox 277 1293 410 1369; x_wconf 73' lang='lat' dir='ltr'>peccabit</span> <span class='ocrx_word' id='word_1_74' title='bbox 429 1292 544 1353; x_wconf 82' lang='lat' dir='ltr'><strong>leviter.</strong></span> <span class='ocrx_word' id='word_1_75' title='bbox 585 1295 650 1353; x_wconf 92' lang='lat' dir='ltr'><strong>Hoc</strong></span> <span class='ocrx_word' id='word_1_76' title='bbox 670 1315 728 1354; x_wconf 94' lang='lat' dir='ltr'><strong>non</strong></span> <span class='ocrx_word' id='word_1_77' title='bbox 749 1296 844 1356; x_wconf 89' lang='lat' dir='ltr'><strong>solum</strong></span> <span class='ocrx_word' id='word_1_78' title='bbox 863 1317 921 1357; x_wconf 91' lang='lat' dir='ltr'><strong>non</strong></span> <span class='ocrx_word' id='word_1_79' title='bbox 942 1305 987 1358; x_wconf 85' lang='lat' dir='ltr'><strong>est</strong></span> <span class='ocrx_word' id='word_1_80' title='bbox 1000 1301 1049 1358; x_wconf 93' lang='lat' dir='ltr'><strong>de-</strong></span> 
     </span>
     <span class='ocr_line' id='line_1_10' title="bbox 89 1393 1049 1473; baseline 0.006 -20"><span class='ocrx_word' id='word_1_81' title='bbox 89 1395 220 1465; x_wconf 87' lang='lat' dir='ltr'><strong>finitum,</strong></span> <span class='ocrx_word' id='word_1_82' title='bbox 247 1393 298 1452; x_wconf 88' lang='lat' dir='ltr'><strong>sed</strong></span> <span class='ocrx_word' id='word_1_83' title='bbox 322 1397 366 1452; x_wconf 90' lang='lat' dir='ltr'><strong>est</strong></span> <span class='ocrx_word' id='word_1_84' title='bbox 389 1398 487 1469; x_wconf 85' lang='lat' dir='ltr'><strong>aperte</strong></span> <span class='ocrx_word' id='word_1_85' title='bbox 509 1393 624 1454; x_wconf 82' lang='lat' dir='ltr'><strong>falsum.</strong></span> <span class='ocrx_word' id='word_1_86' title='bbox 667 1395 774 1455; x_wconf 81' lang='lat' dir='ltr'><strong>Omnes</strong></span> <span class='ocrx_word' id='word_1_87' title='bbox 798 1396 916 1473; x_wconf 91' lang='lat' dir='ltr'><strong>quidem</strong></span> <span class='ocrx_word' id='word_1_88' title='bbox 939 1399 1049 1459; x_wconf 88' lang='lat' dir='ltr'><strong>habent</strong></span> 
     </span>
     <span class='ocr_line' id='line_1_11' title="bbox 89 1492 1048 1574; baseline 0.006 -22"><span class='ocrx_word' id='word_1_89' title='bbox 89 1493 222 1552; x_wconf 85' lang='lat' dir='ltr'><strong>fomitem</strong></span> <span class='ocrx_word' id='word_1_90' title='bbox 235 1492 346 1570; x_wconf 87' lang='lat' dir='ltr'><strong>peccati</strong></span> <span class='ocrx_word' id='word_1_91' title='bbox 371 1493 420 1571; x_wconf 92' lang='lat' dir='ltr'><strong>(nt</strong></span> <span class='ocrx_word' id='word_1_92' title='bbox 443 1493 479 1551; x_wconf 89' lang='lat' dir='ltr'><strong>de</strong></span> <span class='ocrx_word' id='word_1_93' title='bbox 500 1493 604 1552; x_wconf 84' lang='lat' dir='ltr'><strong>ceteris</strong></span> <span class='ocrx_word' id='word_1_94' title='bbox 626 1494 820 1556; x_wconf 75' lang='lat' dir='ltr'><strong>incitantibus</strong></span> <span class='ocrx_word' id='word_1_95' title='bbox 840 1497 877 1556; x_wconf 88' lang='lat' dir='ltr'><strong>ad</strong></span> <span class='ocrx_word' id='word_1_96' title='bbox 896 1504 1048 1574; x_wconf 84' lang='lat' dir='ltr'><strong>peccatum</strong></span> 
     </span>
     <span class='ocr_line' id='line_1_12' title="bbox 93 1592 1047 1671; baseline 0.006 -19"><span class='ocrx_word' id='word_1_97' title='bbox 93 1594 139 1653; x_wconf 92' lang='lat' dir='ltr'><strong>nil</strong></span> <span class='ocrx_word' id='word_1_98' title='bbox 148 1593 211 1671; x_wconf 84' lang='lat' dir='ltr'><strong>jem</strong></span> <span class='ocrx_word' id='word_1_99' title='bbox 225 1592 338 1652; x_wconf 89' lang='lat' dir='ltr'><strong>dicam:</strong></span> <span class='ocrx_word' id='word_1_100' title='bbox 361 1611 390 1651; x_wconf 90' lang='lat' dir='ltr'><strong>n.</strong></span> <span class='ocrx_word' id='word_1_101' title='bbox 406 1593 465 1670; x_wconf 87' lang='grc'>14),</span> <span class='ocrx_word' id='word_1_102' title='bbox 480 1596 510 1652; x_wconf 93' lang='lat' dir='ltr'><strong>et</strong></span> <span class='ocrx_word' id='word_1_103' title='bbox 520 1612 587 1668; x_wconf 85' lang='lat' dir='ltr'><strong>ergo</strong></span> <span class='ocrx_word' id='word_1_104' title='bbox 600 1613 698 1654; x_wconf 89' lang='lat' dir='ltr'><strong>omnes</strong></span> <span class='ocrx_word' id='word_1_105' title='bbox 709 1599 880 1657; x_wconf 75' lang='lat' dir='ltr'><strong>tentantur:</strong></span> <span class='ocrx_word' id='word_1_106' title='bbox 902 1597 960 1671; x_wconf 85' lang='lat' dir='ltr'><strong>sed,</strong></span> <span class='ocrx_word' id='word_1_107' title='bbox 978 1599 1047 1658; x_wconf 89' lang='lat' dir='ltr'><strong>dum</strong></span> 
     </span>
     <span class='ocr_line' id='line_1_13' title="bbox 93 1691 1048 1766; baseline 0.006 -14"><span class='ocrx_word' id='word_1_108' title='bbox 93 1693 160 1752; x_wconf 83' lang='lat' dir='ltr'><strong>aliae</strong></span> <span class='ocrx_word' id='word_1_109' title='bbox 173 1691 349 1753; x_wconf 83' lang='lat' dir='ltr'><strong>tentationes</strong></span> <span class='ocrx_word' id='word_1_110' title='bbox 373 1695 443 1752; x_wconf 88' lang='lat' dir='ltr'><strong>sunt</strong></span> <span class='ocrx_word' id='word_1_111' title='bbox 466 1694 603 1752; x_wconf 87' lang='lat' dir='ltr'><strong>omnibns</strong></span> <span class='ocrx_word' id='word_1_112' title='bbox 625 1713 800 1766; x_wconf 89' lang='lat' dir='ltr'><strong>communes,</strong></span> <span class='ocrx_word' id='word_1_113' title='bbox 822 1700 857 1755; x_wconf 91' lang='lat' dir='ltr'><strong>nt</strong></span> <span class='ocrx_word' id='word_1_114' title='bbox 870 1701 914 1756; x_wconf 86' lang='lat' dir='ltr'><strong>est</strong></span> <span class='ocrx_word' id='word_1_115' title='bbox 926 1699 1048 1758; x_wconf 84' lang='lat' dir='ltr'><strong>tentatio</strong></span> 
     </span>
     <span class='ocr_line' id='line_1_14' title="bbox 92 1791 1046 1873; baseline 0.003 -20"><span class='ocrx_word' id='word_1_116' title='bbox 92 1793 197 1866; x_wconf 87' lang='lat' dir='ltr'><strong>carnis,</strong></span> <span class='ocrx_word' id='word_1_117' title='bbox 214 1793 278 1852; x_wconf 84' lang='lat' dir='ltr'><strong>aliae</strong></span> <span class='ocrx_word' id='word_1_118' title='bbox 293 1795 370 1862; x_wconf 89' lang='lat' dir='ltr'><strong>sunt,</strong></span> <span class='ocrx_word' id='word_1_119' title='bbox 386 1791 523 1869; x_wconf 85' lang='lat' dir='ltr'><strong>aquibus</strong></span> <span class='ocrx_word' id='word_1_120' title='bbox 542 1793 609 1870; x_wconf 90' lang='lat' dir='ltr'><strong>quis</strong></span> <span class='ocrx_word' id='word_1_121' title='bbox 628 1798 724 1871; x_wconf 89' lang='lat' dir='ltr'><strong>potest</strong></span> <span class='ocrx_word' id='word_1_122' title='bbox 737 1814 797 1854; x_wconf 86' lang='lat' dir='ltr'><strong>esse</strong></span> <span class='ocrx_word' id='word_1_123' title='bbox 810 1815 928 1873; x_wconf 90' lang='lat' dir='ltr'><strong>prorsus</strong></span> <span class='ocrx_word' id='word_1_124' title='bbox 941 1797 1046 1857; x_wconf 90' lang='lat' dir='ltr'><strong>immn-</strong></span> 
     </span>
     <span class='ocr_line' id='line_1_15' title="bbox 92 1891 1046 1968; baseline 0.004 -16"><span class='ocrx_word' id='word_1_125' title='bbox 92 1892 195 1952; x_wconf 83' lang='lat' dir='ltr'><strong>nievel</strong></span> <span class='ocrx_word' id='word_1_126' title='bbox 209 1892 258 1950; x_wconf 92' lang='lat' dir='ltr'><strong>din</strong></span> <span class='ocrx_word' id='word_1_127' title='bbox 273 1891 423 1952; x_wconf 78' lang='lat' dir='ltr'><strong>ueletiam</strong></span> <span class='ocrx_word' id='word_1_128' title='bbox 447 1911 499 1968; x_wconf 90' lang='lat' dir='ltr'><strong>per</strong></span> <span class='ocrx_word' id='word_1_129' title='bbox 524 1896 612 1951; x_wconf 83' lang='lat' dir='ltr'><strong>totam</strong></span> <span class='ocrx_word' id='word_1_130' title='bbox 638 1893 738 1966; x_wconf 81' lang='lat' dir='ltr'><strong>vitam,</strong></span> <span class='ocrx_word' id='word_1_131' title='bbox 765 1899 800 1953; x_wconf 91' lang='lat' dir='ltr'><strong>ut</strong></span> <span class='ocrx_word' id='word_1_132' title='bbox 820 1898 864 1954; x_wconf 87' lang='lat' dir='ltr'><strong>est</strong></span> <span class='ocrx_word' id='word_1_133' title='bbox 874 1895 996 1955; x_wconf 90' lang='lat' dir='ltr'><strong>tentatio</strong></span> <span class='ocrx_word' id='word_1_134' title='bbox 1010 1899 1046 1956; x_wconf 86' lang='lat' dir='ltr'><strong>ad</strong></span> 
     </span>
     <span class='ocr_line' id='line_1_16' title="bbox 91 1992 1044 2070; baseline 0.004 -18"><span class='ocrx_word' id='word_1_135' title='bbox 91 1993 260 2070; x_wconf 85' lang='lat' dir='ltr'><strong>ejurandam</strong></span> <span class='ocrx_word' id='word_1_136' title='bbox 274 1992 370 2065; x_wconf 88' lang='lat' dir='ltr'><strong>fidem,</strong></span> <span class='ocrx_word' id='word_1_137' title='bbox 387 1992 424 2050; x_wconf 90' lang='lat' dir='ltr'><strong>ad</strong></span> <span class='ocrx_word' id='word_1_138' title='bbox 438 1992 675 2069; x_wconf 85' lang='lat' dir='ltr'><strong>desperationem,</strong></span> <span class='ocrx_word' id='word_1_139' title='bbox 692 1995 727 2052; x_wconf 89' lang='lat' dir='ltr'><strong>ad</strong></span> <span class='ocrx_word' id='word_1_140' title='bbox 742 1994 839 2054; x_wconf 90' lang='lat' dir='ltr'><strong>odium</strong></span> <span class='ocrx_word' id='word_1_141' title='bbox 853 1995 918 2066; x_wconf 90' lang='lat' dir='ltr'><strong>Dei,</strong></span> <span class='ocrx_word' id='word_1_142' title='bbox 934 1997 969 2054; x_wconf 86' lang='lat' dir='ltr'><strong>ad</strong></span> <span class='ocrx_word' id='word_1_143' title='bbox 983 1996 1044 2056; x_wconf 88' lang='lat' dir='ltr'><strong>sur-</strong></span> 
     </span>
     <span class='ocr_line' id='line_1_17' title="bbox 89 2091 1044 2172; baseline 0.004 -20"><span class='ocrx_word' id='word_1_144' title='bbox 89 2100 163 2164; x_wconf 87' lang='lat' dir='ltr'><strong>tum,</strong></span> <span class='ocrx_word' id='word_1_145' title='bbox 180 2095 231 2152; x_wconf 76' lang='lat' dir='ltr'><strong>dne.</strong></span> <span class='ocrx_word' id='word_1_146' title='bbox 246 2110 252 2150; x_wconf 93' lang='lat'><strong>:</strong></span> <span class='ocrx_word' id='word_1_147' title='bbox 274 2091 333 2150; x_wconf 89' lang='lat' dir='ltr'><strong>imo</strong></span> <span class='ocrx_word' id='word_1_148' title='bbox 354 2091 442 2150; x_wconf 88' lang='lat' dir='ltr'><strong>multi</strong></span> <span class='ocrx_word' id='word_1_149' title='bbox 463 2095 540 2164; x_wconf 90' lang='lat' dir='ltr'><strong>sunt,</strong></span> <span class='ocrx_word' id='word_1_150' title='bbox 556 2093 609 2169; x_wconf 89' lang='lat' dir='ltr'><strong>qui</strong></span> <span class='ocrx_word' id='word_1_151' title='bbox 623 2093 677 2152; x_wconf 88' lang='lat' dir='ltr'><strong>hac</strong></span> <span class='ocrx_word' id='word_1_152' title='bbox 691 2097 720 2153; x_wconf 91' lang='lat' dir='ltr'><strong>et</strong></span> <span class='ocrx_word' id='word_1_153' title='bbox 733 2093 785 2152; x_wconf 88' lang='lat' dir='ltr'><strong>illa</strong></span> <span class='ocrx_word' id='word_1_154' title='bbox 800 2095 941 2172; x_wconf 89' lang='lat' dir='ltr'><strong>ejusmodi</strong></span> <span class='ocrx_word' id='word_1_155' title='bbox 953 2098 1044 2156; x_wconf 86' lang='lat' dir='ltr'><strong>teuta-</strong></span> 
     </span>
     <span class='ocr_line' id='line_1_18' title="bbox 87 2190 836 2270; baseline 0.001 -18"><span class='ocrx_word' id='word_1_156' title='bbox 87 2194 168 2253; x_wconf 80' lang='lat' dir='ltr'><strong>tione</strong></span> <span class='ocrx_word' id='word_1_157' title='bbox 183 2211 343 2269; x_wconf 86' lang='lat' dir='ltr'><strong>nunquom‚</strong></span> <span class='ocrx_word' id='word_1_158' title='bbox 358 2211 396 2252; x_wconf 90' lang='lat' dir='ltr'><strong>ne</strong></span> <span class='ocrx_word' id='word_1_159' title='bbox 409 2190 529 2250; x_wconf 91' lang='lat' dir='ltr'><strong>minime</strong></span> <span class='ocrx_word' id='word_1_160' title='bbox 543 2192 670 2269; x_wconf 90' lang='lat' dir='ltr'><strong>quidem,</strong></span> <span class='ocrx_word' id='word_1_161' title='bbox 686 2197 836 2270; x_wconf 88' lang='lat' dir='ltr'><strong>petuntur.</strong></span> 
     </span>
    </p>

    <p class='ocr_par' dir='ltr' id='par_1_4' title="bbox 84 2293 1119 3752">
     <span class='ocr_line' id='line_1_19' title="bbox 142 2293 1039 2374; baseline 0.007 -24"><span class='ocrx_word' id='word_1_162' title='bbox 142 2296 187 2351; x_wconf 82' lang='grc'><strong>14.</strong></span> <span class='ocrx_word' id='word_1_163' title='bbox 219 2293 261 2351; x_wconf 82' lang='grc'><strong>50.</strong></span> <span class='ocrx_word' id='word_1_164' title='bbox 293 2293 395 2351; x_wconf 86' lang='lat' dir='ltr'><strong>Manet</strong></span> <span class='ocrx_word' id='word_1_165' title='bbox 421 2311 488 2368; x_wconf 85' lang='lat' dir='ltr'><strong>ergo</strong></span> <span class='ocrx_word' id='word_1_166' title='bbox 515 2311 616 2352; x_wconf 88' lang='lat' dir='ltr'><strong>sensus</strong></span> <span class='ocrx_word' id='word_1_167' title='bbox 642 2312 743 2353; x_wconf 86' lang='lat' dir='ltr'><strong>versus</strong></span> <span class='ocrx_word' id='word_1_168' title='bbox 769 2295 896 2367; x_wconf 84' lang='lat' dir='ltr'><strong>canonis,</strong></span> <span class='ocrx_word' id='word_1_169' title='bbox 926 2315 1039 2374; x_wconf 85' lang='lat' dir='ltr'><strong>nempe,</strong></span> 
     </span>
     <span class='ocr_line' id='line_1_20' title="bbox 92 2391 1044 2472; baseline 0.002 -20"><span class='ocrx_word' id='word_1_170' title='bbox 92 2394 189 2452; x_wconf 89' lang='lat' dir='ltr'><strong>Homo</strong></span> <span class='ocrx_word' id='word_1_171' title='bbox 212 2392 321 2469; x_wconf 88' lang='lat' dir='ltr'><strong>justus,</strong></span> <span class='ocrx_word' id='word_1_172' title='bbox 350 2391 412 2451; x_wconf 89' lang='lat' dir='ltr'><strong>sine</strong></span> <span class='ocrx_word' id='word_1_173' title='bbox 440 2391 558 2469; x_wconf 90' lang='lat' dir='ltr'><strong>speciali</strong></span> <span class='ocrx_word' id='word_1_174' title='bbox 584 2391 748 2470; x_wconf 85' lang='lat' dir='ltr'><strong>privilegio,</strong></span> <span class='ocrx_word' id='word_1_175' title='bbox 777 2412 836 2452; x_wconf 94' lang='lat' dir='ltr'><strong>non</strong></span> <span class='ocrx_word' id='word_1_176' title='bbox 862 2398 958 2471; x_wconf 91' lang='lat' dir='ltr'><strong>potest</strong></span> <span class='ocrx_word' id='word_1_177' title='bbox 990 2416 1044 2472; x_wconf 90' lang='lat' dir='ltr'><strong>pro</strong></span> 
     </span>
     <span class='ocr_line' id='line_1_21' title="bbox 90 2490 1044 2572; baseline 0.001 -20"><span class='ocrx_word' id='word_1_178' title='bbox 90 2494 178 2570; x_wconf 83' lang='lat' dir='ltr'><strong>longo</strong></span> <span class='ocrx_word' id='word_1_179' title='bbox 198 2497 325 2570; x_wconf 86' lang='lat' dir='ltr'><strong>tempore</strong></span> <span class='ocrx_word' id='word_1_180' title='bbox 345 2490 453 2564; x_wconf 85' lang='lat' dir='ltr'><strong>vivere,</strong></span> <span class='ocrx_word' id='word_1_181' title='bbox 478 2493 549 2570; x_wconf 91' lang='lat' dir='ltr'><strong>quin</strong></span> <span class='ocrx_word' id='word_1_182' title='bbox 573 2513 625 2570; x_wconf 90' lang='lat' dir='ltr'><strong>per</strong></span> <span class='ocrx_word' id='word_1_183' title='bbox 641 2493 716 2552; x_wconf 92' lang='lat' dir='ltr'><strong>illud</strong></span> <span class='ocrx_word' id='word_1_184' title='bbox 739 2497 854 2570; x_wconf 88' lang='lat' dir='ltr'><strong>tempus</strong></span> <span class='ocrx_word' id='word_1_185' title='bbox 873 2493 905 2552; x_wconf 92' lang='lat' dir='ltr'><strong>in</strong></span> <span class='ocrx_word' id='word_1_186' title='bbox 925 2494 1044 2572; x_wconf 86' lang='lat' dir='ltr'><strong>aliquod</strong></span> 
     </span>
     <span class='ocr_line' id='line_1_22' title="bbox 89 2592 1043 2670; baseline 0.002 -19"><span class='ocrx_word' id='word_1_187' title='bbox 89 2593 140 2652; x_wconf 88' lang='lat' dir='ltr'><strong>vel</strong></span> <span class='ocrx_word' id='word_1_188' title='bbox 160 2592 259 2670; x_wconf 88' lang='lat' dir='ltr'><strong>aliqua</strong></span> <span class='ocrx_word' id='word_1_189' title='bbox 278 2597 397 2670; x_wconf 87' lang='lat' dir='ltr'><strong>peccata</strong></span> <span class='ocrx_word' id='word_1_190' title='bbox 418 2592 554 2665; x_wconf 85' lang='lat' dir='ltr'><strong>venialia,</strong></span> <span class='ocrx_word' id='word_1_191' title='bbox 579 2596 632 2654; x_wconf 86' lang='lat' dir='ltr'><strong>aut</strong></span> <span class='ocrx_word' id='word_1_192' title='bbox 654 2593 781 2669; x_wconf 83' lang='lat' dir='ltr'><strong>perfecte</strong></span> <span class='ocrx_word' id='word_1_193' title='bbox 804 2603 855 2652; x_wconf 88' lang='lat' dir='ltr'><strong>aut</strong></span> <span class='ocrx_word' id='word_1_194' title='bbox 875 2593 1043 2670; x_wconf 80' lang='lat' dir='ltr'><strong>imperfecte</strong></span> 
     </span>
     <span class='ocr_line' id='line_1_23' title="bbox 90 2691 1041 2769; baseline 0.001 -19"><span class='ocrx_word' id='word_1_195' title='bbox 90 2692 258 2765; x_wconf 88' lang='lat' dir='ltr'><strong>deliberata,</strong></span> <span class='ocrx_word' id='word_1_196' title='bbox 280 2691 426 2752; x_wconf 87' lang='lat' dir='ltr'><strong>inciderit.</strong></span> <span class='ocrx_word' id='word_1_197' title='bbox 468 2691 570 2752; x_wconf 87' lang='lat' dir='ltr'><strong>Oritur</strong></span> <span class='ocrx_word' id='word_1_198' title='bbox 589 2694 653 2752; x_wconf 80' lang='lat' dir='ltr'><strong>haec</strong></span> <span class='ocrx_word' id='word_1_199' title='bbox 672 2692 827 2751; x_wconf 84' lang='lat' dir='ltr'><strong>necessitas</strong></span> <span class='ocrx_word' id='word_1_200' title='bbox 846 2692 984 2769; x_wconf 86' lang='lat' dir='ltr'><strong>peccandi</strong></span> <span class='ocrx_word' id='word_1_201' title='bbox 1002 2695 1041 2765; x_wconf 92' lang='grc'><strong>10,</strong></span> 
     </span>
     <span class='ocr_line' id='line_1_24' title="bbox 88 2791 1044 2870; baseline 0.002 -20"><span class='ocrx_word' id='word_1_202' title='bbox 88 2791 255 2851; x_wconf 84' lang='lat' dir='ltr'><strong>radicaliter</strong></span> <span class='ocrx_word' id='word_1_203' title='bbox 278 2811 317 2851; x_wconf 88' lang='lat' dir='ltr'><strong>ex</strong></span> <span class='ocrx_word' id='word_1_204' title='bbox 338 2791 441 2852; x_wconf 79' lang='lat' dir='ltr'><strong>fomite</strong></span> <span class='ocrx_word' id='word_1_205' title='bbox 467 2792 588 2869; x_wconf 88' lang='lat' dir='ltr'><strong>peccati,</strong></span> <span class='ocrx_word' id='word_1_206' title='bbox 615 2791 668 2870; x_wconf 90' lang='lat' dir='ltr'><strong>qui</strong></span> <span class='ocrx_word' id='word_1_207' title='bbox 689 2793 720 2850; x_wconf 90' lang='lat' dir='ltr'><strong>in</strong></span> <span class='ocrx_word' id='word_1_208' title='bbox 742 2792 824 2850; x_wconf 88' lang='lat' dir='ltr'><strong>nobis</strong></span> <span class='ocrx_word' id='word_1_209' title='bbox 844 2801 1044 2870; x_wconf 82' lang='lat' dir='ltr'><strong>permanenter</strong></span> 
     </span>
     <span class='ocr_line' id='line_1_25' title="bbox 90 2891 1045 2964; baseline 0.002 -14"><span class='ocrx_word' id='word_1_210' title='bbox 90 2893 203 2964; x_wconf 84' lang='lat' dir='ltr'><strong>existit,</strong></span> <span class='ocrx_word' id='word_1_211' title='bbox 233 2896 263 2951; x_wconf 88' lang='lat' dir='ltr'><strong>et</strong></span> <span class='ocrx_word' id='word_1_212' title='bbox 293 2893 354 2952; x_wconf 85' lang='lat' dir='ltr'><strong>fere</strong></span> <span class='ocrx_word' id='word_1_213' title='bbox 386 2891 448 2951; x_wconf 88' lang='lat' dir='ltr'><strong>sine</strong></span> <span class='ocrx_word' id='word_1_214' title='bbox 478 2892 690 2951; x_wconf 85' lang='lat' dir='ltr'><strong>intermissione</strong></span> <span class='ocrx_word' id='word_1_215' title='bbox 716 2911 768 2950; x_wconf 87' lang='lat' dir='ltr'><strong>nos</strong></span> <span class='ocrx_word' id='word_1_216' title='bbox 796 2893 832 2950; x_wconf 89' lang='lat' dir='ltr'><strong>ad</strong></span> <span class='ocrx_word' id='word_1_217' title='bbox 863 2892 1045 2952; x_wconf 86' lang='lat' dir='ltr'><strong>delectabilia</strong></span> 
     </span>
     <span class='ocr_line' id='line_1_26' title="bbox 89 2990 1042 3068; baseline 0.003 -19"><span class='ocrx_word' id='word_1_218' title='bbox 89 2992 157 3067; x_wconf 89' lang='lat' dir='ltr'><strong>plus</strong></span> <span class='ocrx_word' id='word_1_219' title='bbox 185 2990 281 3050; x_wconf 88' lang='lat' dir='ltr'><strong>minus</strong></span> <span class='ocrx_word' id='word_1_220' title='bbox 304 2991 438 3064; x_wconf 77' lang='lat' dir='ltr'><strong>excitat3</strong></span> <span class='ocrx_word' id='word_1_221' title='bbox 459 2991 503 3063; x_wconf 81' lang='lat'><strong>2⁰,</strong></span> <span class='ocrx_word' id='word_1_222' title='bbox 532 3010 569 3051; x_wconf 86' lang='lat' dir='ltr'><strong>ex</strong></span> <span class='ocrx_word' id='word_1_223' title='bbox 593 2991 708 3051; x_wconf 87' lang='lat' dir='ltr'><strong>defectu</strong></span> <span class='ocrx_word' id='word_1_224' title='bbox 731 2991 814 3050; x_wconf 73' lang='lat' dir='ltr'><strong>clarae</strong></span> <span class='ocrx_word' id='word_1_225' title='bbox 841 2991 1042 3068; x_wconf 76' lang='lat' dir='ltr'><strong>intelligentias</strong></span> 
     </span>
     <span class='ocr_line' id='line_1_27' title="bbox 88 3090 1042 3170; baseline 0.002 -20"><span class='ocrx_word' id='word_1_226' title='bbox 88 3092 119 3150; x_wconf 91' lang='lat' dir='ltr'><strong>in</strong></span> <span class='ocrx_word' id='word_1_227' title='bbox 133 3091 295 3162; x_wconf 90' lang='lat' dir='ltr'><strong>intellectu,</strong></span> <span class='ocrx_word' id='word_1_228' title='bbox 311 3094 342 3151; x_wconf 90' lang='lat' dir='ltr'><strong>ct</strong></span> <span class='ocrx_word' id='word_1_229' title='bbox 355 3090 530 3152; x_wconf 77' lang='lat' dir='ltr'><strong>obscuritate</strong></span> <span class='ocrx_word' id='word_1_230' title='bbox 544 3092 668 3169; x_wconf 86' lang='lat' dir='ltr'><strong>quadam</strong></span> <span class='ocrx_word' id='word_1_231' title='bbox 682 3110 747 3168; x_wconf 87' lang='lat' dir='ltr'><strong>quae</strong></span> <span class='ocrx_word' id='word_1_232' title='bbox 762 3093 852 3151; x_wconf 88' lang='lat' dir='ltr'><strong>menti</strong></span> <span class='ocrx_word' id='word_1_233' title='bbox 865 3091 932 3170; x_wconf 89' lang='lat' dir='ltr'><strong>plus</strong></span> <span class='ocrx_word' id='word_1_234' title='bbox 945 3091 1042 3152; x_wconf 83' lang='lat' dir='ltr'><strong>minus</strong></span> 
     </span>
     <span class='ocr_line' id='line_1_28' title="bbox 88 3190 1119 3272; baseline 0.001 -23"><span class='ocrx_word' id='word_1_235' title='bbox 88 3190 196 3268; x_wconf 87' lang='lat' dir='ltr'><strong>saepius</strong></span> <span class='ocrx_word' id='word_1_236' title='bbox 210 3191 390 3265; x_wconf 81' lang='lat' dir='ltr'><strong>offunditur3</strong></span> <span class='ocrx_word' id='word_1_237' title='bbox 413 3197 453 3263; x_wconf 86' lang='lat'><strong>3⁰,</strong></span> <span class='ocrx_word' id='word_1_238' title='bbox 479 3211 516 3250; x_wconf 87' lang='lat' dir='ltr'><strong>ex</strong></span> <span class='ocrx_word' id='word_1_239' title='bbox 534 3191 707 3252; x_wconf 86' lang='lat' dir='ltr'><strong>infirmitate</strong></span> <span class='ocrx_word' id='word_1_240' title='bbox 731 3192 889 3251; x_wconf 80' lang='lat' dir='ltr'><strong>voluntatis</strong></span> <span class='ocrx_word' id='word_1_241' title='bbox 909 3192 945 3250; x_wconf 88' lang='lat' dir='ltr'><strong>ad</strong></span> <span class='ocrx_word' id='word_1_242' title='bbox 959 3192 1041 3252; x_wconf 88' lang='lat' dir='ltr'><strong>resis·</strong></span> <span class='ocrx_word' id='word_1_243' title='bbox 1114 3268 1119 3272; x_wconf 87' lang='lat'><em>.</em></span> 
     </span>
     <span class='ocr_line' id='line_1_29' title="bbox 87 3290 1041 3368; baseline -0.001 -18"><span class='ocrx_word' id='word_1_244' title='bbox 87 3291 226 3362; x_wconf 81' lang='lat' dir='ltr'><strong>tendum3</strong></span> <span class='ocrx_word' id='word_1_245' title='bbox 249 3291 291 3361; x_wconf 76' lang='lat'><strong>4⁰,</strong></span> <span class='ocrx_word' id='word_1_246' title='bbox 308 3311 346 3350; x_wconf 84' lang='lat' dir='ltr'><strong>ex</strong></span> <span class='ocrx_word' id='word_1_247' title='bbox 360 3291 488 3368; x_wconf 86' lang='lat' dir='ltr'><strong>ejusdem</strong></span> <span class='ocrx_word' id='word_1_248' title='bbox 513 3291 545 3348; x_wconf 88' lang='lat' dir='ltr'><strong>in</strong></span> <span class='ocrx_word' id='word_1_249' title='bbox 569 3291 632 3368; x_wconf 89' lang='lat' dir='ltr'><strong>ejus</strong></span> <span class='ocrx_word' id='word_1_250' title='bbox 645 3291 736 3350; x_wconf 93' lang='lat' dir='ltr'><strong>libero</strong></span> <span class='ocrx_word' id='word_1_251' title='bbox 750 3290 869 3349; x_wconf 87' lang='lat' dir='ltr'><strong>arbitrio</strong></span> <span class='ocrx_word' id='word_1_252' title='bbox 883 3291 1041 3350; x_wconf 82' lang='lat' dir='ltr'><strong>exercendo</strong></span> 
     </span>
     <span class='ocr_line' id='line_1_30' title="bbox 87 3388 1042 3466; baseline 0 -17"><span class='ocrx_word' id='word_1_253' title='bbox 87 3409 193 3466; x_wconf 84' lang='lat' dir='ltr'><strong>magne</strong></span> <span class='ocrx_word' id='word_1_254' title='bbox 206 3390 401 3450; x_wconf 85' lang='lat' dir='ltr'><strong>inconstantia</strong></span> <span class='ocrx_word' id='word_1_255' title='bbox 421 3395 451 3449; x_wconf 88' lang='lat' dir='ltr'><strong>et</strong></span> <span class='ocrx_word' id='word_1_256' title='bbox 470 3391 687 3463; x_wconf 87' lang='lat' dir='ltr'><strong>mutabilitate;</strong></span> <span class='ocrx_word' id='word_1_257' title='bbox 708 3390 752 3461; x_wconf 84' lang='lat'><strong>5⁰,</strong></span> <span class='ocrx_word' id='word_1_258' title='bbox 773 3409 811 3448; x_wconf 86' lang='lat' dir='ltr'><strong>ex</strong></span> <span class='ocrx_word' id='word_1_259' title='bbox 831 3388 1042 3449; x_wconf 87' lang='lat' dir='ltr'><strong>tentationibus</strong></span> 
     </span>
     <span class='ocr_line' id='line_1_31' title="bbox 86 3488 1041 3567; baseline -0.001 -17"><span class='ocrx_word' id='word_1_260' title='bbox 86 3491 276 3560; x_wconf 66' lang='lat' dir='ltr'><strong>damonum</strong></span> <span class='ocrx_word' id='word_1_261' title='bbox 308 3489 414 3567; x_wconf 89' lang='lat' dir='ltr'><strong>quibus</strong></span> <span class='ocrx_word' id='word_1_262' title='bbox 436 3489 504 3548; x_wconf 87' lang='lat' dir='ltr'><strong>addi</strong></span> <span class='ocrx_word' id='word_1_263' title='bbox 526 3494 648 3566; x_wconf 88' lang='lat' dir='ltr'><strong>possunt</strong></span> <span class='ocrx_word' id='word_1_264' title='bbox 680 3508 775 3548; x_wconf 82' lang='lat' dir='ltr'><strong>causae</strong></span> <span class='ocrx_word' id='word_1_265' title='bbox 799 3488 987 3564; x_wconf 83' lang='lat' dir='ltr'><strong>particulares</strong></span> <span class='ocrx_word' id='word_1_266' title='bbox 1011 3494 1041 3549; x_wconf 89' lang='lat' dir='ltr'><strong>et</strong></span> 
     </span>
     <span class='ocr_line' id='line_1_32' title="bbox 85 3587 1038 3668; baseline -0.004 -18"><span class='ocrx_word' id='word_1_267' title='bbox 85 3590 286 3663; x_wconf 86' lang='lat' dir='ltr'><strong>accidentales,</strong></span> <span class='ocrx_word' id='word_1_268' title='bbox 322 3588 432 3648; x_wconf 86' lang='lat' dir='ltr'><strong>occasio</strong></span> <span class='ocrx_word' id='word_1_269' title='bbox 466 3589 587 3668; x_wconf 86' lang='lat' dir='ltr'><strong>peccati,</strong></span> <span class='ocrx_word' id='word_1_270' title='bbox 610 3589 694 3666; x_wconf 78' lang='lat' dir='ltr'><strong>pravi</strong></span> <span class='ocrx_word' id='word_1_271' title='bbox 728 3587 855 3660; x_wconf 84' lang='lat' dir='ltr'><strong>habitus,</strong></span> <span class='ocrx_word' id='word_1_272' title='bbox 878 3587 928 3646; x_wconf 77' lang='lat' dir='ltr'><strong>dre.</strong></span> <span class='ocrx_word' id='word_1_273' title='bbox 952 3587 1038 3660; x_wconf 80' lang='lat' dir='ltr'><strong>infra,</strong></span> 
     </span>
     <span class='ocr_line' id='line_1_33' title="bbox 84 3697 179 3752; baseline 0 0"><span class='ocrx_word' id='word_1_274' title='bbox 84 3712 113 3752; x_wconf 91' lang='lat' dir='ltr'><strong>n.</strong></span> <span class='ocrx_word' id='word_1_275' title='bbox 130 3697 179 3752; x_wconf 80' lang='lat'><strong>32.</strong></span> 
     </span>
    </p>
   </div>
   <div class='ocr_carea' id='block_1_3' title="bbox 0 0 1216 4300">
    <p class='ocr_par' dir='ltr' id='par_1_5' title="bbox 0 0 1216 4300">
     <span class='ocr_line' id='line_1_34' title="bbox 0 0 1216 4300; baseline 0 4"><span class='ocrx_word' id='word_1_276' title='bbox 0 0 1216 4300; x_wconf 95' lang='lat' dir='ltr'><strong> </strong></span> 
     </span>
    </p>
   </div>
   <div class='ocr_carea' id='block_1_4' title="bbox 1203 2077 1220 3909">
    <p class='ocr_par' dir='ltr' id='par_1_6' title="bbox 1203 2077 1220 3909">
     <span class='ocr_line' id='line_1_35' title="bbox 1203 2077 1220 3909; baseline 0 0"><span class='ocrx_word' id='word_1_277' title='bbox 1203 2077 1220 3909; x_wconf 95' lang='lat' dir='ltr'><strong> </strong></span> 
     </span>
    </p>
   </div>
  </div>
 </body>
</html>
