2424 4314
161 410 200 456 ιο
526 393 580 458 De
605 393 738 460 Gratia.
967 391 1069 482 [msa.
1087 413 1117 458 1.

153 554 323 619 calesmata
334 555 382 618 vel
394 555 603 618 obedientiales
611 557 658 618 vel
666 556 764 618 nulla.
787 557 844 619 Sed
854 557 889 620 de
899 559 1116 620 usucommuni

153 656 277 717 istorum
295 655 451 718 verborum
470 657 630 719 notandum
651 661 704 732 est,
720 677 834 737 semper
848 661 937 738 atque
950 658 1116 720 affirmatur

152 755 266 835 aliquid
278 775 340 818 esse
354 775 442 836 supra
459 760 513 818 aut
525 757 684 819 secundum
697 757 775 818 vires
787 762 911 834 naturae,
927 760 1005 820 vires
1018 757 1112 820 intel·

150 854 205 933 ligi
217 856 365 934 proximas
378 860 430 918 aut
442 865 576 931 remotas,
585 876 644 918 non
655 861 762 932 autem,
774 856 833 918 nisi
846 857 878 918 id
892 857 999 919 diserte
1009 857 1111 938 expri-

148 960 256 1047 pnatur,
272 955 349 1017 vires
362 955 579 1018 obedientiales.

191 1065 240 1121 20.
263 1061 312 1122 Ex
334 1061 428 1136 dictis,
454 1082 483 1122 n.
509 1067 555 1136 14,
579 1065 694 1124 constat
717 1081 801 1124 omne
819 1063 920 1124 datum
944 1083 962 1122 a
983 1062 1047 1124 Deo
1070 1063 1110 1124 ad

150 1165 233 1222 extra
256 1181 318 1222 esse
338 1163 509 1240 gratuitum,
534 1167 564 1224 et
587 1167 699 1224 natura
714 1167 818 1224 erectae
837 1163 914 1223 nihil
929 1163 1063 1224 absolute
1076 1167 1110 1224 et

148 1260 275 1338 rigorose
286 1261 394 1323 deberi.
436 1261 468 1322 Si
482 1263 730 1340 ergcvocabulum
738 1263 837 1340 pratia
849 1261 1109 1342 significet,'prout

148 1379 250 1422 revera
273 1360 418 1438 signifieat
441 1363 539 1423 donum
561 1363 728 1441 praealtum,
754 1362 851 1424 omnia
872 1381 1065 1441 quaecumque
1089 1385 1108 1423 a

147 1460 210 1522 Deo
223 1461 312 1522 habet
324 1461 418 1536 homo,
434 1481 547 1542 eorpus,
557 1462 662 1536 anima,
675 1461 792 1536 sanitas,
805 1463 881 1524 bona
894 1466 1028 1538 externa,
1040 1466 1104 1538 dua,

147 1561 252 1638 gratias
264 1561 361 1622 vocari
374 1567 503 1640 possunt
527 1579 530 1584 ·
546 1563 671 1623 Istorum
680 1565 820 1624 donorum
834 1561 891 1622 alia
902 1563 938 1622 ad
950 1561 1106 1640 integrita-

147 1663 207 1721 tem
230 1661 356 1740 corporis
379 1666 410 1722 et
427 1661 531 1722 animae
555 1663 674 1736 dantur,
699 1662 757 1722 alia
778 1663 816 1723 ad
836 1662 1019 1722 commodum
1033 1662 1104 1724 rita

146 1761 324 1840 temporalis,
339 1761 398 1822 alia
410 1761 442 1822 in
456 1762 557 1822 ordine
571 1762 713 1822 advitam
726 1767 876 1822 aeternam.

186 1865 234 1922 21.
254 1861 373 1937 Verum,
395 1881 432 1922 ex
452 1881 509 1922 usu
527 1862 557 1922 S.
582 1861 748 1940 Scripturas,
771 1859 931 1939 prasertim
945 1862 983 1920 N.
999 1861 1100 1921 Testa·

146 1961 246 2033 menti,
262 1962 383 2022 Patrum
397 1964 428 2021 et
440 1959 588 2036 Ecclesia,
604 1959 698 2038 gratia
719 1960 850 2021 absolute
870 1961 906 2020 ad
921 1961 996 2020 dona
1011 1960 1100 2040 hujus

145 2059 245 2120 ultimi
265 2059 379 2138 generis
401 2059 594 2138 significanda
624 2061 881 2122 circumscribitur.
933 2062 1003 2122 “Et
1024 2061 1100 2120 ratic

146 2159 228 2222 reddi
252 2164 371 2238 potest3
391 2179 458 2220 nam
482 2160 578 2237 gratia
600 2160 679 2222 dicta
697 2165 742 2222 est
757 2160 825 2240 quia
838 2159 931 2238 gratis
944 2161 1032 2220 datur
1045 2181 1097 2222 na·

146 2263 221 2320 tura
237 2258 299 2338 jam
312 2259 470 2334 existenti3
492 2260 542 2320 sod
556 2259 617 2321 sola
636 2260 869 2338 supernaturalia
890 2261 965 2320 dona
978 2261 1095 2322 omnino

146 2358 237 2438 gratis
249 2379 267 2418 a
279 2359 341 2420 Deo
354 2359 546 2420 conferuntur
566 2361 780 2438 comparatione
795 2364 926 2433 naturae3
949 2379 1015 2420 nam
1030 2379 1096 2440 quae

145 2458 291 2520 naturalia
304 2462 382 2533 sunt,
397 2459 443 2518 illi
457 2447 556 2536 aliquo
577 2459 661 2519 modo
685 2463 756 2520 sunt
779 2459 892 2534 debita;
915 2480 982 2538 ergo
1002 2459 1098 2538 gratia

144 2557 259 2638 proprie
273 2559 491 2637 supernaturale
505 2559 615 2620 donum
625 2559 802 2636 significat.”
844 2562 968 2634 Susura,
983 2559 1097 2638 Proleg.

145 2665 173 2734 3,
189 2680 214 2720 c.
231 2668 258 2730 2,
272 2679 302 2720 n.
318 2663 347 2720 3.
389 2659 496 2721 Gratia
511 2659 552 2720 sic
565 2659 723 2722 intellectae
741 2658 872 2720 definitio
886 2679 974 2738 supra
988 2660 1031 2740 (n.
1049 2663 1094 2732 10,

144 2762 220 2839 not.)
245 2759 338 2820 obiter
358 2759 445 2820 allata
466 2759 575 2833 eadem,
592 2760 688 2838 quoad
709 2779 780 2832 rem,
801 2760 838 2819 ab
862 2759 995 2820 omnibus
1015 2759 1095 2820 theo·

143 2859 219 2936 logis
232 2859 375 2920 traditur:
398 2861 511 2920 Donum
531 2857 742 2936 supernaturale
764 2869 896 2920 creatura
916 2859 1098 2920 s'atellsotuols‘

140 2959 234 3036 oratis
247 2978 266 3018 a
278 2958 337 3019 Deo
351 2979 501 3020 comessum
513 2960 649 3020 inordina
659 2959 700 3018 ad
711 2960 795 3020 ustam
806 2964 945 3020 aternam.
987 2961 1095 3022 Sensus

144 3059 325 3136 singulorum
341 3060 494 3119 verborum
511 3059 602 3136 hujus
618 3059 797 3130 definitionis
818 3061 867 3119 vel
889 3080 927 3120 ex
950 3081 980 3120 se
994 3060 1041 3120 vel
1055 3081 1093 3120 ex

143 3157 229 3218 dictis
242 3159 341 3220 velex
365 3158 495 3219 dicendis
518 3163 563 3218 sat
585 3158 681 3219 clarus
698 3163 751 3220 est.
794 3158 896 3220 Gratia
919 3159 1027 3220 donum
1050 3165 1095 3220 est

144 3277 281 3337 superans
294 3279 392 3320 omnes
406 3240 523 3320 vires'et
535 3258 713 3336 exigentiam
722 3265 752 3320 et
762 3257 891 3319 debitum
906 3259 967 3320 sive
980 3264 1092 3320 natura

143 3357 204 3420 sive
216 3379 354 3438 personae,
371 3380 409 3420 ex
418 3359 556 3438 pnraDei
568 3359 770 3420 benevolentia
780 3357 921 3419 creaturis
934 3358 994 3420 suis
1006 3358 1092 3420 intel-

143 3458 318 3520 lectualibus
331 3460 477 3531 collatum,
502 3463 533 3519 et
555 3459 674 3536 quidem
698 3480 731 3519 eo
753 3460 810 3519 fine
831 3463 895 3518 turn
917 3459 1012 3541 operis
1029 3464 1092 3519 tum

144 3560 298 3637 operantis,
313 3565 348 3621 ut
371 3581 419 3621 eas
439 3561 472 3619 in
493 3562 543 3620 ria
565 3564 678 3620 sanctas
699 3570 730 3622 et
745 3559 802 3618 Dei
816 3559 922 3618 amicos
935 3559 1047 3645 reddat,
1062 3563 1092 3621 et

145 3659 171 3720 ei
183 3659 216 3720 in
229 3662 323 3738 patria
336 3681 388 3740 per
400 3661 541 3723 visionem
553 3660 715 3723 beatificam
727 3659 759 3720 in
768 3662 910 3720 aternum
923 3659 1089 3738 copjungat.
