2408 4304
23 426 140 475 Drsr.
162 404 214 494 x.]
284 407 340 472 De
354 404 631 494 Dz'sporztiom'bus
645 406 692 473 ad
706 402 852 496 Juslific.
953 413 1011 491 381

29 576 168 654 quibua
183 575 529 636 annunciaturdootrina
551 596 589 635 ex
614 595 672 654 qua
692 575 838 636 conclusio
858 575 915 636 ieta
933 577 1017 638 illata

30 681 105 750 eet,
124 677 159 738 S.
177 677 290 738 Paulus
303 676 464 738 doctrinam
485 678 519 736 de
530 677 742 755 justificatione
755 677 868 754 integre
878 681 908 738 et
921 679 1015 756 expli·

35 779 119 836 cate
134 776 249 838 tradit:
272 777 365 855 Nego.

91 880 146 938 93.
173 876 260 943 Quod
283 877 320 938 ad
339 877 394 938 hoc
414 877 572 938 secundum
590 877 751 938 membrum
765 877 957 939 distinctionis
970 882 1013 940 at-

39 975 143 1050 tinet,
162 980 280 1037 tantum
294 978 375 1038 abest
388 981 424 1038 ut
437 978 470 1037 in
482 976 552 1038 locie
565 977 625 1038 illie
638 978 797 1038 doctrinam
819 998 918 1038 veram
937 979 1012 1040 inte·

41 1095 140 1154 gram
154 1076 311 1154 positivam
325 1077 362 1138 de
373 1076 581 1156 justificatione
594 1079 691 1168 tradat
704 1079 735 1140 S.
749 1079 866 1150 Paulus,
887 1083 923 1140 ut
935 1083 1013 1140 totua

43 1181 108 1238 aut
127 1179 198 1246 ¹fere
221 1181 301 1240 totus
325 1178 364 1238 ait
386 1177 419 1238 in
443 1179 574 1240 doctrina
591 1178 664 1239 falna
684 1178 761 1239 eirea
776 1179 1014 1256 justificationem

45 1277 231 1339 insectanda
244 1283 274 1340 et
287 1278 461 1339 refutanda:
485 1299 580 1358 supra,
602 1298 633 1338 n.
644 1284 696 1354 64,
713 1285 760 1353 69,
777 1283 827 1341 &a
867 1281 933 1340 Hoc
944 1281 1014 1342 adeo

48 1382 195 1455 apertum
209 1382 253 1440 eet
265 1379 372 1439 noetris
385 1367 536 1456 theologie,
557 1382 593 1439 ut
612 1380 711 1440 nullae
725 1399 823 1439 eorum
833 1399 963 1458 unquam
976 1400 1014 1440 ex

50 1479 126 1540 istie
140 1479 215 1542 locia
223 1479 383 1541 doctrinam
401 1481 580 1541 catholicam
592 1481 713 1565 probare
726 1481 860 1559 suscepit,
876 1487 927 1542 ant
940 1483 1014 1542 affir-

50 1579 153 1640 mavit
166 1579 199 1640 in
212 1579 250 1640 iia
262 1580 344 1641 illam
354 1581 515 1642 doctrinam
522 1581 666 1658 integram
680 1581 846 1658 significari,
861 1587 913 1642 aut
926 1581 1013 1642 etiam

52 1702 95 1741 ex
105 1685 193 1758 parte
202 1681 355 1760 perspicue
368 1687 399 1742 et
411 1686 519 1760 aperte.
560 1683 629 1742 Non
639 1703 675 1743 ex
690 1681 754 1742 istie
762 1683 812 1742 aed
820 1702 858 1742 ex
871 1681 1015 1742 aliieloeie

52 1798 109 1837 noa
124 1777 286 1838 doctrinam
298 1783 427 1840 nostram
439 1781 602 1857 probamus,
613 1783 648 1839 nt
661 1798 756 1857 supra,
774 1798 804 1840 n.
821 1781 868 1852 32,
885 1783 935 1839 dee.

100 1883 150 1939 94.
171 1878 222 1938 Ad
234 1880 361 1956 primum
381 1881 543 1940 membrum
566 1878 762 1940 distinotionis
784 1878 847 1938 dixi
865 1879 1012 1942 Transeat.

54 1980 254 2058 Nequaquam
267 1979 346 2048 enirn
358 1983 491 2040 tenemur
509 1979 651 2040 rationem
672 1981 774 2040 afferre
788 1999 840 2040 cur
852 1979 950 2057 spurci
963 1980 1014 2042 ieti

57 2078 273 2153 Antinomiani,
308 2078 448 2140 “indocti
482 2083 512 2140 et
544 2079 725 2153 instabilee,''
750 2085 912 2141 monstrum
939 2082 1014 2142 illud

58 2177 166 2240 erroris
181 2199 219 2240 ex
238 2178 371 2240 doctrina
389 2180 419 2241 S.
444 2179 530 2240 Pauli
553 2181 731 2242 derivarunt.
773 2182 878 2242 Nonne
901 2185 1011 2256 tenent,

60 2299 136 2357 quoa
148 2279 197 2340 hic
210 2280 350 2341 habemus
363 2279 547 2353 adversariae,
563 2280 746 2364 divinitatem
761 2282 878 2354 Christi,
893 2282 1014 2360 ejusque

60 2378 209 2458 duplicem
221 2383 356 2442 naturam
368 2399 516 2458 unamque
528 2399 688 2458 personam,
704 2385 754 2440 &a
769 2381 800 2440 in
815 2381 921 2442 Bibliis
934 2401 1011 2456 vere,

61 2499 101 2540 ne
115 2479 207 2540 dicam
221 2483 251 2542 et
263 2480 348 2555 clare,
364 2480 496 2542 revelari.
538 2481 688 2547 Quomodo
710 2500 777 2556 ergo
797 2481 908 2548 factum
922 2484 966 2541 eet
978 2485 1014 2541 ut
1070 2511 1085 2521 ·

64 2579 177 2653 Ariani,
192 2580 381 2658 Eutychiani,
403 2579 577 2654 Neatoriani,
602 2583 652 2640 dre.
673 2580 777 2639 iisdem
797 2579 902 2640 Bibliie
921 2580 1012 2646 fiden-

66 2686 120 2754 tes,
134 2680 304 2741 haecomnia
323 2679 488 2758 negarent?
528 2680 676 2746 Quomodo
700 2681 734 2738 fit
756 2685 800 2753 ut,
821 2680 899 2740 iuter
919 2681 1015 2741 variae

68 2769 158 2840 aeetae
166 2781 400 2854 Proteatantieae,
416 2801 454 2841 ex
466 2779 570 2839 iisdem
581 2778 686 2839 Bibliia
699 2780 813 2858 (omnes
826 2780 904 2839 enim
917 2785 1013 2840 auoto-

69 2880 182 2940 ritatem
195 2881 332 2942 Eccleaioe
345 2886 375 2942 et
388 2880 575 2940 traditionem
594 2879 747 2957 rejiciunt)
763 2879 820 2939 alia
833 2881 887 2940 hoc
901 2880 1012 2957 dogma,

70 2979 211 3040 aiiaillud
232 2981 320 3059 plane
341 2979 508 3058 oppositum
529 2977 638 3056 cogat?
677 2979 743 3038 Imo
766 2979 952 3056 probavimus
966 2980 1015 3058 (ut

70 3079 149 3140 nebia
170 3081 299 3152 videtur)
322 3080 430 3166 invicte
453 3078 614 3140 doctrinam
636 3077 829 3138 nolifidianam
851 3080 1015 3140 Proteetan-

71 3179 142 3240 tium
152 3199 204 3240 aaa
218 3180 360 3241 contineri
372 3180 404 3238 in
417 3179 548 3240 textibus
567 3177 673 3251 allatis,
690 3199 785 3256 supra,
801 3198 831 3237 n.
843 3184 894 3240 64.
937 3179 1014 3246 Quo·

72 3279 150 3340 modo
178 3301 245 3358 ergo
278 3282 389 3342 factum
413 3283 457 3340 eet
482 3282 518 3339 ut
540 3282 585 3339 tet
605 3279 812 3351 Protcatantee,
841 3277 920 3339 inter
950 3298 1015 3338 euos

74 3379 233 3455 doctissimi,
249 3401 316 3440 eum
337 3383 375 3441 D.
400 3381 545 3453 O’Bnrar,
567 3379 634 3438 illos
654 3379 731 3455 ipsos
743 3382 844 3438 textus
856 3379 1013 3456 proferant,

74 3485 204 3558 tanquam
218 3482 380 3542 doctrinam
403 3480 490 3539 istam
514 3479 619 3538 diserte
640 3477 860 3554 significantes?
900 3479 1014 3538 Horum

75 3579 203 3654 omnium,
219 3581 274 3641 etei
294 3585 330 3641 ut
352 3581 489 3652 diximus,
511 3579 652 3638 rationem
666 3579 768 3638 afferre
781 3597 839 3637 non
853 3582 1012 3651 teneamur,

76 3680 204 3758 optimam
217 3685 313 3742 temen
327 3683 454 3760 proferre
466 3698 627 3758 possumus.
