2410 4314
56 397 153 444 nise.
171 377 226 463 ιι]
275 377 330 442 De
344 379 492 445 Stolidus
507 380 680 448 Humane
695 383 846 450 Naturae.
983 405 1020 464 41

56 545 200 603 naturali
214 559 266 603 aut
279 548 499 622 supernaturali,
509 550 665 608 seeundum
680 555 790 610 statum
804 551 835 608 in
849 568 906 626 quo
921 549 1025 606 eonsti-

56 649 131 704 tuta
146 651 193 705 est
206 651 352 706 ereatura:
377 647 524 708 Concedo:
547 651 653 709 Amore
667 650 879 726 supernaturali
893 649 980 708 etiam
994 649 1025 706 in

57 751 146 806 statu
160 747 306 807 naturali:
339 750 431 824 Nega.
454 749 497 808 2⁰.
519 750 674 826 Distinguo
692 771 773 828 prop.
789 752 962 810 secundam:
986 748 1025 808 In

58 847 170 907 ordine
184 851 414 924 supernaturali:
437 850 586 910 Conoedo:
609 853 763 910 Naturali:
786 853 877 928 Nego.

105 951 158 1008 79.
188 949 284 1024 Objeot.
308 955 334 1009 8.
358 951 514 1028 Repugnat
528 951 589 1010 dari
599 957 707 1012 statum
718 953 750 1011 in
759 973 817 1030 quo
828 955 913 1012 homo
927 951 1024 1028 gravi-

57 1051 118 1108 bus
133 1051 324 1127 impeteretur
337 1052 557 1128 tentationibns,
572 1054 678 1131 absque
692 1055 804 1113 auxilio
819 1054 974 1114 sufficienti
987 1054 1025 1112 ad

60 1170 112 1210 eas
126 1151 295 1212 vincendas.
339 1154 376 1212 In
391 1157 469 1213 statu
483 1159 581 1214 autam
594 1159 708 1216 naturas
721 1175 801 1234 purae
816 1176 917 1233 graves
930 1159 1024 1215 essent

59 1250 253 1325 tentationes,
270 1253 346 1312 siout
358 1252 390 1311 in
403 1258 501 1314 nostro
516 1259 594 1314 statu
606 1277 612 1328 ;
638 1260 668 1316 et
681 1262 778 1316 tamen
793 1257 904 1316 deesset
917 1256 1019 1332 gratia,

60 1371 130 1428 qnae
146 1353 264 1412 omnino
277 1355 436 1414 necessaria
450 1363 495 1416 est
508 1357 545 1416 ad
559 1377 606 1416 eas
621 1359 815 1432 superandas:
839 1359 867 1418 d.
885 1363 912 1426 4,
927 1377 956 1416 n.
973 1362 1020 1417 29.

103 1454 180 1515 ⁴⁶80.
196 1457 278 1532 Resp.
293 1457 363 1516 Tres
379 1462 447 1517 sunt
461 1477 553 1517 oausae
569 1459 772 1532 tentationum,
785 1459 924 1530 diabolus,
937 1478 1021 1516 mun-

61 1557 128 1626 dns,
149 1575 223 1614 earo.
266 1558 291 1614 1.
307 1558 383 1616 Mihi
398 1578 509 1635 semper
522 1558 607 1618 valde
620 1559 776 1634 probabilis
790 1559 854 1617 visa
867 1563 911 1618 est
924 1559 1021 1634 opinio

61 1674 131 1731 quae
143 1656 266 1714 affirmat
277 1657 371 1716 Deum
381 1677 439 1716 non
453 1658 660 1734 permissurum
674 1678 735 1717 esse
750 1657 894 1716 diabolum
909 1663 1022 1716 tentare

60 1755 213 1814 hominem
236 1755 267 1813 in
291 1762 371 1825 statu
394 1763 503 1817 naturas
524 1777 625 1834 purae:
651 1763 745 1815 “tum
770 1757 839 1833 quia
861 1758 983 1816 tentatio
1006 1778 1022 1814 a

61 1855 180 1916 diabolo
203 1875 261 1916 non
284 1863 328 1916 est
351 1878 428 1916 ruere
451 1858 601 1929 naturalis,
617 1859 667 1917 sad
685 1864 728 1916 est
746 1858 855 1916 bellum
874 1859 951 1916 ultra
975 1859 1022 1915 vol

61 1977 154 2035 supra
166 1963 300 2018 naturam
318 1978 356 2018 ax
376 1958 473 2018 altiori
493 1958 674 2035 providentia
694 1958 875 2034 permissum,
893 1965 929 2017 ut
949 1959 1021 2018 bene

62 2058 255 2118 observarunt
269 2057 425 2135 cajetanus
444 2058 477 2117 in
496 2059 550 2117 hae
570 2063 675 2135 quaest.
689 2062 744 2118 art.
760 2063 788 2130 2,
804 2059 938 2129 Alrarez,
955 2058 975 2116 l.
992 2064 1019 2131 5,

63 2177 192 2234 respons.
214 2179 239 2218 o.
255 2164 282 2231 4,
299 2179 327 2218 ιι.
345 2161 390 2231 17,
407 2164 437 2217 et
461 2159 568 2218 Suarez
593 2159 628 2217 de
652 2158 753 2218 Gratia
765 2159 786 2217 l.
806 2161 830 2230 l,
847 2178 871 2217 o.
888 2164 935 2231 23,
952 2179 980 2218 n.
1003 2163 1020 2216 3
1137 2169 1139 2175 '

65 2255 140 2336 [vid
164 2256 248 2316 etiarn
273 2258 342 2316 ibid.
366 2277 395 2315 n.
420 2263 466 2327 25,
487 2261 517 2317 et
541 2278 564 2316 o.
590 2263 636 2330 24,
658 2278 687 2314 n.
709 2261 766 2331 283
789 2277 811 2319 o.
830 2261 877 2328 28,
897 2278 924 2316 ιι.
945 2264 972 2328 4,
992 2265 1021 2314 et

65 2359 174 2436 proleg.
194 2362 222 2428 4,
238 2379 260 2418 o.
276 2363 304 2430 9,
319 2377 348 2418 ιι.
367 2363 412 2430 16,
432 2356 502 2438 17],
528 2369 558 2417 at
581 2360 613 2416 in
636 2358 718 2434 puris
742 2358 924 2417 naturalibus
946 2358 1021 2415 nihil

67 2462 142 2518 esset
160 2478 247 2535 supra
262 2459 310 2517 vel
328 2463 427 2518 eontra
452 2463 584 2518 naturam
604 2458 738 2529 hominis,
761 2457 808 2516 sed
832 2457 922 2532 juxta
940 2456 1019 2514 illam

66 2561 276 2636 gubernaretur
289 2578 307 2616 a
319 2559 390 2618 Deo.
432 2559 508 2616 Tum
522 2558 647 2634 denique
661 2562 692 2618 et
713 2557 867 2633 praeoipue,
883 2556 1020 2632 quoniam

68 2679 105 2718 ex
118 2660 312 2736 suppositione
326 2660 403 2736 quod
417 2660 498 2718 Deus
512 2661 678 2718 decerneret
692 2658 806 2715 nullum
820 2661 921 2732 gratiae
936 2658 1018 2714 auxi·

70 2761 141 2818 lium
155 2760 283 2818 conferre
297 2758 418 2830 homini,
433 2762 468 2819 ut
482 2759 583 2835 utique
597 2762 747 2828 statueret,
764 2755 789 2813 si
799 2755 885 2814 illum
898 2753 929 2812 in
939 2753 1020 2831 puris

69 2860 247 2919 naturalibus
260 2859 403 2932 conderet,
414 2860 448 2918 ad
464 2879 579 2918 suavem
594 2859 675 2916 illius
688 2857 901 2934 providentiam
910 2863 1019 2933 speeta-

70 2961 118 3017 bat
130 2959 295 3018 nullatenus
308 2957 498 3036 permitterre,
512 2958 589 3035 quod
603 2957 818 3016 versutissimus
832 2975 865 3015 ao
880 2954 1019 3033 potentis·

70 3059 158 3120 simus
177 3057 268 3117 hostis
282 3058 413 3116 diabolus
427 3077 493 3118 eum
507 3057 716 3116 tentationibus
728 3059 853 3133 urgeret,
870 3060 899 3115 et
913 3057 948 3115 ab
968 3055 1019 3114 illo

71 3165 146 3219 statu
167 3159 198 3218 in
220 3158 310 3218 alium
333 3157 504 3218 deteriorem
523 3157 605 3217 brevi
623 3177 656 3216 ao
676 3150 761 3216 facile
781 3157 926 3234 dejiceret.
967 3156 1019 3215 In·

72 3261 203 3321 oredibile
217 3260 325 3338 quippe
338 3260 462 3331 videtur,
479 3261 557 3336 quod
570 3259 651 3318 Deus
671 3258 798 3335 optimus
809 3277 847 3317 ex
860 3277 920 3316 uua
937 3262 1020 3334 parto

73 3364 164 3422 nullas
176 3362 252 3422 vires
264 3361 408 3420 indebitas
428 3360 539 3419 homini
559 3361 701 3419 conferret
715 3361 762 3417 vel
782 3358 972 3436 promitteret,
989 3361 1019 3418 et

75 3485 110 3524 ex
123 3463 175 3521 alia
188 3468 269 3539 parte
284 3467 441 3538 exponeret
454 3461 600 3520 hominem
611 3459 908 3520 tentationibusillius
917 3458 1016 3530 hostis,

74 3565 119 3624 oui
131 3563 210 3622 nulla
224 3567 349 3640 potestas
369 3566 552 3639 eomparatur
566 3582 652 3638 super
671 3565 787 3621 terram.
805 3605 850 3620 ...
865 3605 871 3619 .
887 3603 893 3617 .
912 3603 918 3616 .
933 3559 1018 3618 Unde

75 3667 175 3742 absque
193 3665 281 3723 dubio
295 3665 320 3724 si
334 3683 392 3724 non
405 3665 547 3725 conferret
560 3662 671 3722 homini
685 3662 715 3720 in
734 3681 766 3719 ao
788 3666 867 3719 statu
886 3659 1016 3734 gratiam,
