2424 4300
157 391 197 456 88
509 389 564 455 De
581 387 711 456 Gratia.
935 388 1041 478 [mse.
1059 411 1106 455 111.

156 575 254 615 ornnes
278 554 409 615 homines
432 555 492 615 illis
514 557 572 630 det,
588 577 641 616 nec
664 561 762 617 tamen
784 556 856 616 alios
878 575 1003 617 numero
1027 557 1110 634 longe

155 654 255 731 plures
276 653 428 714 excludat:
454 655 547 732 Nego.
589 658 669 716 Deus
689 655 834 717 convertit
854 675 963 729 omnes,
986 675 1112 734 quorum
1188 731 1189 758 1

156 771 242 829 opera
274 771 332 812 non
374 753 568 815 adversantur
599 756 655 817 etsi
688 776 746 816 non
785 759 982 816 concurrunt:
1023 761 1054 816 ct
1082 757 1114 814 hi
1188 825 1189 842 χ

155 871 274 912 numero
295 853 381 930 pauci
407 859 485 928 sunt,
509 855 579 933 quia
600 857 686 934 pauci
704 859 774 916 sunt
797 875 922 934 quorum
940 875 1031 934 opera
1056 875 1115 914 non

157 952 352 1013 adversantur.
404 954 484 1015 Deus
515 960 545 1015 et
577 956 649 1016 alios
677 957 832 1029 convertit,
870 975 998 1033 quorum
1028 975 1115 1033 opero

157 1071 216 1110 non
239 1052 333 1112 solum
345 1072 405 1113 non
419 1060 595 1115 concurrunt
615 1056 666 1116 sed
679 1055 889 1117 adversantur:
915 1059 947 1116 et
969 1055 1002 1114 hi
1025 1055 1114 1114 innu-

158 1151 231 1212 meri
257 1155 334 1225 sunt,
364 1151 434 1230 quia
468 1153 653 1215 “stultorum
690 1153 755 1236 [ie.
785 1152 985 1233 peccatorum]
1016 1154 1115 1214 infini-

159 1255 207 1310 tus
234 1263 278 1311 est
303 1252 473 1313 numerus.”
515 1253 626 1315 Eccles.
655 1255 675 1314 i.
707 1260 753 1313 15.
796 1255 828 1314 ni
855 1273 955 1315 omnes
981 1253 1118 1314 homines
1189 1315 1190 1330 ἶ

159 1354 255 1411 essent
275 1350 363 1429 primi
387 1339 510 1430 generis,
533 1373 632 1414 omnes
654 1353 844 1415 salvarentur.
887 1354 1012 1428 Susura,
1037 1353 1060 1412 1.
1088 1358 1115 1425 4,
1189 1339 1190 1398 ἶ

160 1455 249 1524 113,
271 1469 301 1510 u.
323 1456 351 1511 6.

205 1553 269 1612 781.
303 1550 423 1629 Urpetor
449 1557 476 1611 3.
505 1553 584 1629 Ergo
611 1554 700 1626 Deus,
730 1552 853 1629 gratiam
881 1552 938 1611 isto
962 1550 1120 1612 arbitrario

160 1651 243 1711 modo
256 1652 420 1724 concedens,
435 1656 568 1730 acceptor
581 1672 767 1731 personarum
781 1657 839 1712 est:
864 1651 942 1730 quod
959 1656 1006 1712 est
1019 1657 1121 1712 contra

160 1751 424 1828 Scriptoramz-“
439 1753 507 1812 Non
541 1756 585 1813 est
615 1772 803 1830 personarum
840 1756 971 1830 acceptor
1008 1752 1120 1813 Deus'’

161 1851 227 1909 Act.
242 1871 272 1910 x.
289 1857 337 1909 34.

202 1949 250 2014 79.
274 1951 357 2025 Rosp.
389 1951 429 2011 1⁰.
458 1951 633 2029 Distinguo:
665 1951 696 2012 Si
719 1955 837 2030 proptor
861 1951 956 2010 ullum
979 1953 1122 2012 meritum

163 2045 295 2104 naturale
315 2046 353 2104 in·
366 2046 530 2108 hominibus
544 2048 671 2109 existens
692 2050 772 2110 Deus
786 2052 919 2110 teneatur
936 2050 1067 2126 gratiam
1088 2051 1123 2109 iis

164 2146 333 2225 impertire:
377 2147 522 2209 Concedo:
565 2149 597 2210 si
623 2151 718 2226 gretia
744 2149 941 2211 conversionis
974 2150 1017 2210 sit
1049 2171 1124 2230 pure
1190 2158 1191 2170 ¹

165 2247 310 2325 gratuita:
337 2249 428 2326 Nego.
482 2251 525 2308 2⁰.
561 2251 667 2310 Sensus
691 2253 792 2312 textus
818 2251 867 2310 hic
894 2253 955 2311 est:
985 2260 1125 2329 acceptor

165 2369 350 2427 personarum
365 2353 419 2425 est,
432 2351 483 2429 qui
497 2351 529 2411 iu
547 2352 629 2412 bonis
643 2354 691 2414 vel
708 2353 878 2414 muneribus
899 2351 1123 2426 distribuendis,

166 2471 229 2528 qnae
251 2439 408 2512 seeundum
426 2452 561 2514 meritum
579 2456 631 2514 aut
650 2453 843 2533 aptitudinem
857 2453 1040 2530 singulorum
1063 2454 1128 2514 dari
1190 2517 1191 2520 ,

168 2552 282 2624 debent,
297 2571 356 2612 non
372 2553 435 2613 haec
447 2553 567 2631 respicit
587 2555 638 2614 sed
656 2554 790 2632 speciem,
807 2552 934 2626 divitias,
952 2555 1014 2626 111,
1031 2559 1066 2613 et
1087 2554 1129 2612 sic

163 2650 311 2729 justitiam
332 2651 549 2713 distributivam
569 2652 669 2714 violat.
711 2655 756 2714 At
773 2654 854 2714 Deus
871 2673 928 2712 non
947 2651 1045 2711 solum
1068 2673 1130 2712 nou

167 2758 212 2816 est
232 2759 363 2833 acceptor
382 2776 570 2834 personarum
586 2757 641 2818 hoc
663 2777 749 2818 sensu
763 2762 829 2836 (nec
851 2757 947 2834 potest
967 2775 1040 2826 esse,
1058 2776 1130 2816 cum

167 2855 248 2915 nullo
261 2853 348 2916 titulo
362 2855 485 2932 gratiam
504 2856 621 2935 elargiri
634 2857 790 2933 teneatur),
810 2856 859 2917 sed
879 2855 967 2915 etiam
985 2857 1132 2916 omuibus

168 2953 361 3030 deigratiam,
378 2959 408 3015 et
421 2959 522 3032 gentes
536 2961 566 3017 et
578 2958 598 3018 J
600 2958 695 3018 udceos
708 2961 792 3018 vocat
806 2956 843 3016 ad
856 2956 952 3014 fldem.

210 3059 257 3114 80.
281 3053 409 3120 “Quum
421 3058 517 3116 autem
529 3057 609 3117 Deus
622 3057 780 3118 hominum¹
788 3057 840 3135 qui
853 3055 884 3115 in
899 3055 1009 3115 eisdem
1024 3075 1132 3134 peccu-

169 3153 208 3214 tis
222 3153 389 3213 detinentur
398 3155 450 3214 hos
460 3154 576 3232 quidem
586 3157 767 3234 preveniens
778 3158 935 3228 convertat,
945 3153 1015 3212 illos
1027 3159 1133 3215 autem

170 3253 313 3312 sustineat
327 3251 387 3313 sive
408 3254 558 3330 permittat
579 3257 737 3315 secundum
757 3256 886 3316 ordinem
904 3273 1002 3313 rerum
1025 3273 1132 3330 proce·

170 3352 245 3424 dere,
260 3356 377 3412 nonest
396 3352 470 3413 ratio
483 3352 658 3432 inquirenda
672 3375 762 3433 quare
782 3357 835 3415 hos
852 3357 1002 3414 convertat
1017 3357 1049 3413 et
1070 3374 1134 3413 nou

169 3451 254 3512 illos:
280 3454 334 3512 hoo
349 3453 426 3512 enim
440 3475 475 3513 ex
491 3454 617 3531 simplici
631 3455 693 3533 ejus
713 3456 864 3515 voluntate
878 3453 1034 3531 dependet,
1051 3455 1134 3514 sicut

171 3569 208 3608 cx
231 3549 356 3627 simplici
378 3551 442 3629 ejus
462 3554 612 3612 voluntate
639 3555 779 3631 processit
801 3555 887 3632 quod,
910 3571 1002 3630 quum
1027 3554 1134 3612 omnin

171 3649 273 3710 flerent
297 3667 334 3710 ex
356 3651 458 3725 nihilo,
484 3653 617 3730 quaedam
638 3655 715 3714 facta
736 3659 805 3714 sunt
826 3654 892 3714 aliis
913 3651 1070 3727 digniora3
1103 3659 1134 3713 et
