2408 4304
77 439 174 486 urar.
190 411 267 507 xrn]
466 413 670 485 DeMera‘to.
875 403 879 414 ”
977 433 1039 499 417
1160 385 1162 390 ι

78 587 199 652 Psalm.
214 585 262 648 oii.
278 589 315 650 4:
340 584 411 646 item
431 585 539 648 Matth.
554 604 583 645 v.
596 585 623 646 7.
664 583 749 652 Quod
773 584 871 644 autem
892 583 979 645 datur
1004 605 1042 645 ex

78 685 289 750 misericordia
320 703 380 748 non
412 685 499 746 datur
526 704 564 746 ex
596 685 693 746 debito
726 704 778 746 ssu
808 689 925 764 propter
954 683 1041 744 meri-

82 791 169 848 tum.

130 892 180 950 63.
201 887 287 964 Besp.
311 885 389 946 Dist.
405 885 560 948 minorem:
583 885 650 946 Non
673 885 758 945 detur
779 905 817 946 ex
840 885 946 962 debito,
964 887 1040 964 quod

81 987 188 1066 ipsum
214 1006 274 1047 non
306 985 448 1046 fundatur
472 985 507 1046 in
534 985 748 1047 misericordia:
780 986 928 1048 Concedo:
959 986 1045 1054 Quod

82 1089 188 1168 ipsum
206 1090 302 1150 totum
322 1106 360 1148 ex
378 1085 573 1150 misericordia
592 1090 654 1147 est:
679 1087 770 1164 Nego.
812 1087 898 1154 Quod
910 1088 995 1148 homo
1010 1108 1046 1148 ex

83 1193 240 1269 peccatore
262 1188 315 1249 fiac
334 1189 434 1267 justus
455 1207 493 1248 ex
514 1187 711 1249 misericordia
732 1191 794 1250 est:
820 1189 897 1266 quod
917 1188 1045 1250 existens

51 1322 58 1329 ·
80 1293 188 1371 justus
211 1309 284 1369 opus
304 1289 486 1352 meritorium
508 1289 631 1368 incipiat
653 1293 684 1350 et
705 1299 884 1368 exsequntur
902 1309 940 1350 ex
959 1289 1043 1349 mise·

84 1392 215 1456 ricordic
238 1396 290 1453 est.
341 1392 445 1453 Omnia
467 1391 545 1452 enim
569 1395 639 1452 sunt
662 1379 705 1452 err¹
727 1391 828 1481 gratia,
851 1411 923 1468 opus
946 1390 1043 1468 ipsum

86 1493 213 1570 ejusque
239 1491 367 1552 initium.
420 1491 505 1559 Quod
537 1492 619 1552 Deua
645 1492 811 1572 promiserit
837 1511 972 1552 coronam
991 1512 1044 1570 pro

86 1595 175 1653 bonis
188 1593 331 1670 operibus,
351 1611 418 1677 cum
431 1591 560 1671 potuerit
572 1611 630 1653 non
644 1593 812 1671 promittere
822 1597 853 1652 et
865 1593 947 1652 nullo
960 1595 1045 1652 modo
1127 1647 1129 1650 .

88 1693 128 1753 ad
138 1693 170 1754 id
183 1693 346 1768 tenebatur,
363 1713 400 1754 ex
414 1691 611 1752 misericordia
624 1697 675 1753 est.
714 1693 786 1752 Vita
799 1696 907 1752 aeterna
921 1697 965 1752 est
978 1713 1045 1769 ergo

89 1797 122 1854 et
135 1811 244 1853 merces
257 1797 286 1852 et
295 1792 498 1852 misericordia.
541 1791 610 1855 Vid.
622 1793 652 1856 S.
667 1793 792 1854 Aucusr.
808 1793 844 1852 dc
859 1792 1046 1870 Correpticns

92 1898 124 1954 et
138 1893 248 1966 Gratia,
264 1913 289 1954 c.
303 1897 350 1965 13,
365 1912 454 1970 prope
467 1892 565 1951 finem.

136 2003 184 2059 64.
211 1999 310 2076 Objeet.
327 2003 354 2058 6.
375 1999 446 2058 Vita
467 2000 577 2075 aterna
593 1998 679 2062 datur
702 1997 818 2058 omnino
839 1999 930 2074 gratis
943 2002 973 2058 et
987 1998 1048 2058 sine

94 2101 157 2162 nilo
170 2101 282 2175 meritc,
306 2120 344 2160 cx
364 2099 433 2160 Isai.
448 2101 489 2160 lv.
507 2104 605 2161 1:-“
618 2101 725 2161 Omnes
747 2100 878 2160 sitientes
900 2101 998 2162 venito
1013 2103 1047 2162 ad

96 2221 204 2280 aquas:
227 2204 256 2260 et
270 2200 323 2278 qui
337 2219 396 2260 non
417 2199 531 2258 habetis
555 2205 716 2276 argentum,
742 2205 902 2279 properate,
918 2201 1005 2261 emite
1020 2205 1050 2260 et

97 2302 257 2364 comedite:
278 2301 385 2375 venite,
414 2300 501 2360 emite
521 2303 629 2378 absque
651 2306 779 2379 argento,
808 2307 839 2362 et
860 2305 968 2382 absque
989 2303 1050 2362 ulla

97 2404 333 2477 commutatione,
349 2403 452 2464 vinum
466 2408 496 2462 et
509 2402 585 2464 lac.''

139 2510 186 2566 65.
208 2505 291 2585 Resp.
314 2505 415 2564 Sermo
429 2523 487 2562 non
501 2505 546 2562 est
566 2501 599 2562 in
619 2503 675 2562 isto
690 2503 753 2562 loco
766 2503 873 2564 devita
884 2505 1051 2564 eetemased

98 2607 135 2666 dc
147 2605 275 2665 Ecclesia
289 2603 401 2665 Christi
414 2607 445 2664 et
457 2603 607 2665 vocatione
620 2604 657 2664 ad
671 2623 743 2677 eam,
764 2607 796 2663 ut
808 2605 994 2665 manifestum
1008 2611 1052 2665 est

99 2724 137 2764 ex
150 2723 211 2784 cap.
226 2704 277 2765 liv.
287 2704 476 2782 precedente,
491 2704 570 2781 quod
581 2707 677 2762 totum
690 2702 720 2762 in
735 2703 794 2762 illis
808 2705 988 2780 argumentis
997 2712 1050 2778 est,

98 2809 129 2866 et
142 2805 380 2882 exsequentibus
393 2803 424 2862 in
437 2804 491 2862 hoc
504 2803 566 2881 ipso
580 2803 685 2880 capite,
702 2823 730 2863 v.
744 2823 773 2880 g.
784 2823 858 2863 vers.
872 2809 969 2865 4:-“
977 2805 1052 2864 Eoos

99 2908 201 2965 testem
215 2903 330 2982 populis
338 2903 406 2964 dedi
415 2923 492 2976 cum,
504 2903 607 2964 ducem
621 2923 654 2963 ac
668 2908 873 2980 praeceptorem
886 2905 1051 2982 gentibus.’'

99 3005 217 3067 Vocetio
231 3008 329 3064 autem
349 3005 385 3064 cd
405 3005 493 3063 fidem
514 3008 545 3064 et
568 3005 728 3064 Ecclesiam
742 3005 851 3066 Christi
871 3007 906 3065 fit
919 3005 980 3064 sine
993 3007 1056 3066 ullu

101 3105 202 3164 merito
220 3106 295 3164 bono
316 3103 374 3164 imo
400 3123 468 3164 cum
486 3104 590 3164 multis
616 3105 727 3164 meritis
750 3106 847 3167 malis:
862 3109 904 3166 ⁸ut
925 3106 1008 3167 docet
1022 3107 1051 3166 S.

101 3205 216 3277 Paulus,
230 3206 315 3265 Rom.

141 3310 186 3365 66.
214 3305 315 3382 Objcct.
332 3303 359 3364 7.
382 3305 490 3364 Servus
505 3303 622 3363 inutilis
641 3324 699 3364 non
721 3308 816 3383 potest
835 3324 953 3365 merere.
996 3306 1052 3365 Sed

102 3404 192 3464 omnis
213 3406 322 3481 justus,
348 3403 436 3464 etiem
457 3403 561 3480 positis
590 3405 724 3482 operibus
745 3423 810 3483 quae
828 3405 975 3464 meritoria
1000 3425 1051 3463 vo-

103 3510 213 3578 cantur,
235 3523 336 3564 servus
355 3507 399 3563 est
421 3503 705 3565 inutilis2—“0um
727 3505 854 3565 feceritis
877 3505 973 3564 omnia
986 3523 1052 3581 quac

103 3613 245 3686 praccepta
258 3609 328 3666 sunt
341 3604 433 3677 vobis,
450 3605 557 3666 dicite:
582 3607 666 3666 Servi
688 3606 809 3668 inutiles
832 3626 950 3668 sumus:
973 3607 1052 3686 quod

104 3707 252 3768 debuimus
266 3707 360 3767 facere
373 3706 523 3767 fecimus.’'
545 3706 616 3769 Luc.
629 3707 702 3768 xvii.
720 3711 765 3769 10.
859 3709 860 3712 ’

522 3809 576 3873 19*
