2424 4300
39 354 148 402 nrsr.
171 334 257 423 vn]
314 338 369 403 De
387 337 507 403 Gratata
521 333 613 401 Med.
630 332 916 422 suffiae-neg.
998 353 1055 416 177

41 505 88 563 ad
104 504 271 564 istorum
295 505 446 564 hominum
458 505 532 564 vitia
546 509 721 576 convertere,
738 523 804 581 quae
822 503 854 561 in
868 502 928 560 illis
942 501 1057 560 infinite

47 605 165 682 magis
184 607 404 680 abundarunt,
428 625 539 666 summe
559 605 720 684 periculosa
734 608 764 664 et
777 623 955 689 summopere
976 601 1056 661 devi-

45 711 171 770 tanda.
239 711 291 770 3⁰.
315 711 376 771 “Si
398 715 497 771 tamen
521 685 587 770 curii
612 710 677 768 aliis
705 709 918 787 expositoribus
945 706 1055 766 intelli·

53 833 183 890 gamus
212 832 281 890 per
302 812 443 870 mundum
469 812 545 870 hanc
575 830 671 869 rerum
700 809 928 878 universitatem,
958 826 1057 866 sensus

54 913 135 988 erit,
154 914 254 974 nihil
273 934 335 975 esse
348 914 380 972 in
393 913 510 986 mundo,
532 912 590 971 nisi
603 913 715 987 objecta
729 912 867 985 luxuriae,
883 909 1014 970 avaritia
1029 915 1059 968 et

60 1017 263 1095 superbiae3
298 1021 328 1075 et
354 1016 419 1074 ideo
446 1034 504 1073 non
528 1034 588 1074 esse
611 1014 790 1090 diligendam
810 1017 980 1085 creaturam,
1011 1010 1060 1070 sed

61 1116 267 1186 creatorem,
292 1111 324 1170 in
349 1131 406 1188 quo
429 1116 473 1170 est
494 1095 733 1188 objectum'verae
749 1111 944 1187 perfectaeque
964 1107 1059 1168 felici-

66 1211 186 1272 tatis.'’
216 1215 381 1272 Bursian.
397 1211 431 1270 de
447 1210 548 1271 Gratia
562 1215 592 1271 et
604 1211 655 1270 lib.
672 1211 731 1271 arb.
746 1212 767 1270 l.
782 1217 808 1281 5,
825 1232 849 1271 c.
868 1216 913 1271 10.

115 1318 172 1374 62.
207 1313 318 1390 Objart.
334 1318 361 1371 9.
383 1313 425 1372 Ut
438 1331 510 1390 opus
532 1312 570 1371 sit
584 1313 701 1386 bonum}
718 1313 804 1372 debet
818 1313 906 1388 dirigi
919 1313 951 1371 in
966 1313 1060 1372 Deum

72 1420 111 1474 ut
135 1415 241 1476 finem
266 1414 415 1488 ultimum,
439 1415 607 1492 ut100nstat
631 1435 667 1474 ex
684 1419 697 1472 1
715 1415 778 1474 Cor.
804 1435 834 1474 x:
859 1413 1061 1475 31:-“sive

73 1536 150 1594 ergo
166 1517 374 1590 manducatis,
397 1503 458 1576 sive
473 1516 582 1589 bibitis,
599 1517 660 1576 sive
675 1517 754 1576 aliud
769 1517 839 1594 quid
853 1517 957 1590 facitis,
965 1516 1061 1576 omnio

75 1611 112 1671 in
128 1613 274 1690 gloriam
287 1611 343 1672 Dei
356 1612 442 1672 facite
451 1612 480 1686 ;''
503 1617 584 1672 etex
599 1613 691 1672 Coloe.
706 1613 748 1672 iii.
768 1618 812 1673 17.
856 1614 911 1673 Sed
932 1613 1060 1672 infidelis

78 1732 143 1772 non
159 1718 272 1791 potest
284 1713 380 1771 ullum
394 1731 466 1790 opus
480 1717 536 1772 isto
551 1714 634 1771 modo
649 1713 782 1790 dirigere.

128 1818 181 1874 63.
208 1813 302 1890 Respa.
330 1814 359 1874 S.
382 1813 492 1872 Paulus
511 1815 585 1872 solos
606 1815 705 1873 fideles
729 1815 896 1890 alloquitur.
928 1816 1062 1891 ‘Insuper

83 1913 230 1992 loquitur
246 1914 284 1972 de
299 1913 433 1990 operibus
457 1914 641 1986 salutaribus,
666 1935 724 1973 non
748 1919 847 1976 autem
868 1917 903 1975 de
928 1916 1060 1992 operibus

88 2031 171 2073 mere
186 2013 345 2072 moraliter
365 2013 456 2086 bonis
473 2018 503 2073 ct
516 2013 580 2072 ideo
595 2013 627 2072 in
641 2015 740 2074 ordine
754 2015 789 2073 ad
805 2015 928 2075 salutem
942 2036 1059 2094 prorsus

90 2114 262 2174 sterilibus.

134 2221 185 2275 64.
217 2215 342 2292 Περσίαν
359 2220 383 2274 1.
405 2216 423 2275 J
426 2236 477 2274 ure
498 2216 626 2275 naturali
646 2220 784 2278 tenentur
804 2239 902 2278 omncs
923 2222 1060 2278 creaturae

94 2313 316 2375 intellectuales
338 2335 405 2374 suas
427 2315 553 2376 actiones
576 2317 748 2376 deliberatae
768 2319 800 2376 in
814 2319 918 2392 Deum,
941 2319 1060 2377 unicum

97 2413 188 2474 finem
203 2415 356 2488 ultimum,
371 2417 498 2476 referre:
522 2416 652 2494 alioquin
672 2417 703 2475 in
728 2423 889 2477 creaturam
910 2419 1066 2492 referrenty

98 2515 255 2593 proprium
269 2517 459 2591 commodum,
483 2517 672 2594 voluptatem,
695 2520 744 2577 dcc.
787 2519 845 2578 Sed
859 2518 991 2577 infideles
1004 2538 1062 2576 non

101 2621 227 2689 possunt
240 2615 284 2676 ita
298 2636 365 2676 suas
379 2617 505 2676 actiones
519 2617 633 2677 referre.
699 2663 702 2668 .

143 2719 191 2774 65.
206 2716 295 2792 Reap.
313 2717 354 2775 10.
376 2717 453 2793 Ergo
475 2737 533 2776 non
553 2726 673 2793 peccant
687 2738 744 2776 non
759 2720 801 2777 ita
814 2719 973 2790 referendo,
996 2737 1062 2777 cum

105 2831 162 2873 non
185 2818 300 2893 possint
324 2817 439 2876 referre.
483 2816 524 2878 2⁰.
545 2817 701 2894 Distinguo
729 2819 886 2896 majorem:
908 2818 1060 2878 Tenentur

107 2915 212 2975 referre
226 2916 365 2994 explicite
385 2917 433 2976 vel
457 2917 616 2994 implicite:
644 2919 774 2978 Concedo
792 2939 799 2979 :
820 2919 968 2996 Explicite
988 2939 1061 2979 sem·

108 3031 177 3088 per:
201 3017 303 3093 Nego:
327 3019 567 3094 quotiescumque
588 3025 684 3079 autem
700 3025 796 3079 actum
812 3020 943 3096 alioquin
955 3021 1062 3078 bonum

112 3131 147 3170 ex
166 3115 319 3183 dictamine
349 3121 433 3176 rectae
453 3118 573 3177 rationis
587 3127 707 3196 ponunt,
724 3141 756 3178 eo
777 3121 839 3197 ipso
860 3127 889 3179 et
902 3120 933 3178 vi
947 3117 1064 3179 termini

111 3207 183 3270 illud
202 3213 345 3291 implicite
366 3215 497 3273 referunt
525 3215 556 3273 in
588 3218 693 3289 Deum,
719 3217 770 3294 qui
794 3218 874 3275 illius
898 3216 1063 3275 dictaminis

115 3315 209 3370 auctor
220 3320 270 3374 est.
302 3319 320 3349 “
331 3315 397 3373 Non
409 3319 453 3374 est
464 3334 578 3374 necesse
593 3317 688 3375 omnia
702 3318 808 3376 referre
819 3320 848 3374 in
859 3318 955 3376 Deum
966 3316 1061 3392 expli-

116 3407 168 3468 tite
178 3429 190 3468 :v
206 3415 254 3473 sed
269 3414 338 3473 satis
359 3419 403 3474 est
417 3415 443 3475 si
457 3435 529 3492 opus
549 3417 693 3475 referatur
706 3417 737 3474 in
751 3419 858 3475 bonum
871 3417 958 3475 finem
973 3435 1060 3492 prox·

117 3504 216 3573 inum:
238 3517 309 3574 tunc
324 3514 400 3574 enim
410 3535 463 3592 per
477 3535 506 3574 se
521 3515 661 3592 dirigetur
674 3517 705 3575 in
719 3518 823 3589 Deum,
835 3521 868 3576 ut
882 3517 912 3574 in
925 3516 1060 3576 ultimum

118 3605 204 3670 finem.
246 3615 329 3674 Sicut
343 3615 419 3674 enim
434 3636 517 3675 omne
538 3637 623 3693 agens
644 3618 818 3694 particulare
832 3617 893 3693 agit
905 3618 936 3674 in
950 3617 1061 3675 virtute

545 3719 582 3774 pe
