2440 4300
183 409 249 473 440
544 384 598 455 De
616 383 747 456 Gratzb.
956 377 1058 469 [urse.
1074 398 1139 448 xrr.

181 556 213 616 in
227 557 313 617 textu
327 553 457 616 definitio
469 555 513 629 fit,
530 559 599 618 sunt
611 575 697 634 opera
712 560 732 590 “
742 572 808 632 quae
821 551 853 612 iu
866 551 928 612 Deo
941 554 1013 610 sunt
1026 547 1139 609 facta.”

182 655 240 716 Sed
253 656 288 715 do
299 655 367 715 solis
384 655 519 734 operibus
532 655 681 716 charitatis
694 655 752 715 dici
765 657 869 732 potest,
885 672 919 712 ea
931 651 964 718 in
981 652 1045 710 Deo
1060 654 1141 714 facta

180 775 250 815 esse.
291 755 414 833 (Eadem
440 756 563 834 objectio
591 764 710 833 urgetur
736 757 838 815 contra
864 759 1071 829 argumentum
1099 775 1139 814 ex

179 855 310 914 textibus
324 855 490 933 Scriptura,
506 855 536 914 in
552 856 657 934 quibus
670 855 777 914 locutio
792 853 895 913 similis
909 853 1088 930 invenitur).

218 956 305 1017 *leh
324 957 409 1033 Esau
430 958 513 1034 Nego
531 958 681 1030 minorem,
698 975 763 1034 quac
778 954 957 1033 apertissime
977 954 1054 1013 falsa
1069 959 1137 1015 est:

179 1075 263 1116 omne
286 1056 364 1116 enim
382 1077 454 1133 opus
474 1057 584 1117 iactum
605 1078 643 1117 ex
663 1057 764 1133 gratia,
790 1054 916 1114 maxime
937 1054 1023 1131 justi,
1045 1056 1084 1114 fit
1105 1056 1138 1113 in

177 1158 250 1218 Deo.
291 1157 439 1217 Dicuntur
458 1159 589 1218 homiues
609 1159 641 1217 in
662 1159 724 1218 Deo
745 1177 797 1218 seu
818 1157 850 1214 in
864 1155 989 1214 Domino
1004 1175 1136 1233 sperare,

176 1258 309 1335 gaudere,
331 1257 457 1334 gloriari,
479 1259 596 1329 nubere,
612 1257 770 1330 testificari,
787 1259 941 1328 obsecrare,
959 1257 1012 1315 &c
1053 1257 1137 1315 Phil.

175 1358 207 1419 ii.
227 1363 280 1431 193
309 1358 404 1434 iii.1;
438 1361 535 1420 lCcr.
557 1359 577 1418 i.
600 1361 658 1433 31;
685 1359 738 1419 vii.
759 1363 817 1432 39;
846 1357 951 1434 Ephes.
974 1355 1017 1416 iv.
1036 1359 1090 1427 17;
1121 1360 1133 1414 l

175 1458 276 1518 Thess.
299 1459 340 1519 iv.
366 1463 391 1519 l.
433 1459 556 1520 Locutio
582 1465 681 1520 autem
703 1460 768 1530 ista,
799 1459 861 1518 “iu
881 1457 962 1516 Deo''
992 1476 1045 1516 seu
1071 1457 1139 1515 “in

173 1557 330 1632 Domino?
352 1559 497 1636 significat
519 1560 707 1638 “adjuvante
726 1558 827 1620 Deo:”
850 1558 942 1618 lcor.
962 1577 1013 1617 xv.
1030 1561 1092 1632 583
1118 1565 1138 1616 2

175 1659 240 1718 Cor.
256 1657 288 1718 ii.
304 1662 358 1732 12;
381 1659 445 1720 Gal.
460 1678 488 1720 v.
505 1664 557 1733 103
580 1660 641 1720 001.
656 1659 696 1718 iv.
713 1660 759 1720 17.

212 1757 301 1829 *132
330 1758 416 1838 Urqot
429 1761 585 1818 Aurorae.
610 1764 630 1794 “
642 1758 756 1826 Quibus
766 1756 863 1818 verbis
878 1755 904 1838 [‘
915 1755 947 1815 in
956 1755 1048 1834 Deo’]
1064 1758 1138 1817 satis

171 1861 282 1923 indicat
309 1861 504 1944 [Concilium]
536 1863 647 1942 requiri
679 1863 799 1941 insuper
832 1861 960 1940 aliquem
994 1862 1136 1924 affectum

173 1963 344 2024 charitatis:
367 1983 435 2023 nam
448 1965 494 2024 bae
505 1983 590 2024 voces
599 1983 658 2023 non
669 1963 835 2039 significant
845 1963 886 2022 ibi
897 1966 1008 2023 statum
1018 1963 1134 2040 gratiae,

173 2085 241 2125 cum
264 2065 401 2142 loquatur
430 2065 466 2125 dc
488 2065 718 2144 justificatorum
746 2065 890 2143 operibus,
920 2063 1045 2142 ideoque
1069 2065 1134 2143 jam

172 2169 281 2224 statum
295 2164 397 2242 gratiae
411 2164 586 2243 supponat.”

212 2266 302 2326 *132
328 2265 410 2342 Reap.
432 2264 536 2326 Verbis
556 2265 621 2326 istis
637 2265 802 2327 Concilium
823 2265 941 2344 quidem
961 2285 1020 2325 non
1041 2264 1132 2343 signi-

172 2365 241 2425 ficat
255 2370 359 2425 statum
373 2365 484 2442 gratie,
504 2385 556 2425 seu
576 2366 700 2442 gratiam
716 2366 906 2440 habitualem,
923 2366 972 2426 sed
986 2366 1134 2442 significat

170 2469 295 2545 gratiam
309 2469 451 2545 actualem,
468 2489 544 2548 quae,
560 2471 648 2530 etiam
662 2471 693 2530 in
708 2475 784 2531 statu
802 2471 903 2548 gratiae
918 2475 948 2530 et
960 2470 1040 2530 ultra
1053 2490 1131 2542 eum,

171 2571 333 2632 necessaria
352 2575 397 2632 est
416 2571 452 2632 ad
465 2571 623 2632 meritum:
647 2592 676 2632 n.
693 2577 741 2633 99.
786 2573 826 2632 Et
839 2572 894 2632 hoc
906 2576 1020 2632 constat
1035 2572 1077 2646 1⁰,
1093 2592 1132 2631 ex

134 2672 137 2678 ’
171 2674 269 2734 verbis
287 2673 381 2752 ipsius
401 2675 515 2753 capitis,
542 2675 629 2734 “illis
643 2674 761 2752 quidem
775 2674 911 2748 operibus,
934 2694 1002 2752 quae
1020 2673 1054 2733 in
1067 2676 1130 2734 Deo

172 2777 242 2835 sunt
256 2775 332 2836 sacta
343 2775 369 2850 ;”
392 2780 422 2836 et
436 2777 479 2850 2⁰,
502 2777 608 2837 clarius
633 2777 727 2836 adhuc
747 2781 778 2836 et
797 2777 953 2838 clarissime
968 2797 1007 2836 ex
1020 2795 1131 2836 canone

173 2877 221 2948 32,
248 2875 376 2952 “ipsum
394 2875 589 2952 justificatum
611 2875 695 2937 bonis
709 2859 859 2954 operibus,
882 2895 948 2954 quae
969 2876 1006 2936 ab
1029 2896 1064 2937 co
1076 2896 1130 2954 per

172 2973 231 3032 Dei
241 2974 366 3050 oratiam
382 3020 388 3035 .
402 3020 408 3034 .
421 3020 428 3036 .
442 3020 448 3035 .
464 2975 571 3036 fiunt.''

211 3074 299 3133 *luc
323 3072 425 3149 object.
441 3078 470 3134 3.
494 3073 557 3136 “Si
571 3076 700 3137 habuero
721 3096 833 3157 omnem
847 3077 935 3137 fidem
950 3119 957 3137 .
971 3121 978 3136 .
991 3121 997 3137 .
1012 3121 1018 3137 .
1033 3076 1129 3136 cbari-

171 3175 263 3232 tatem
277 3176 376 3233 autem
390 3193 448 3232 non
461 3175 598 3249 habuero,
614 3176 692 3236 nihil
706 3197 779 3238 sum.
819 3177 860 3236 Et
872 3175 898 3236 si
908 3175 1084 3236 distribuero
1097 3177 1129 3235 iu

172 3274 251 3332 cibos
277 3293 439 3351 pauperum
473 3294 572 3334 omnes
604 3275 758 3336 facultates
780 3295 859 3336 meas
872 3322 879 3338 .
892 3322 899 3336 .
912 3321 919 3336 .
932 3321 939 3336 .
954 3275 1128 3336 charitatem

171 3376 269 3433 autem
282 3393 341 3434 non
354 3375 491 3450 habuero,
507 3374 583 3436 nihil
596 3375 671 3435 mihi
684 3375 831 3454 prodest.''
865 3381 879 3436 1
896 3376 960 3437 (lor.
974 3375 1042 3436 xiii.
1058 3381 1086 3452 2,
1099 3382 1126 3436 3.

170 3472 248 3550 Ergo
263 3473 325 3534 sino
339 3475 481 3536 charitate
505 3476 621 3536 nullum
636 3481 680 3536 est
695 3478 843 3537 meritum.
883 3477 1047 3550 Bussruus,
1063 3477 1085 3537 1.
1100 3496 1125 3538 c.

170 3573 264 3631 citans
276 3575 400 3637 Eommr.

209 3672 298 3734 *ltu
320 3673 405 3750 Recp.
431 3674 470 3735 1⁰.
492 3678 569 3756 Ergo
580 3697 666 3757 opera
675 3679 760 3754 bona,
769 3679 827 3740 nisi
836 3680 914 3741 facta
923 3697 960 3741 ex
970 3679 1120 3755 charitate,
