<?xml version="1.0" encoding="UTF-8"?>
<!DOCTYPE html PUBLIC "-//W3C//DTD XHTML 1.0 Transitional//EN"
    "http://www.w3.org/TR/xhtml1/DTD/xhtml1-transitional.dtd">
<html xmlns="http://www.w3.org/1999/xhtml" xml:lang="en" lang="en">
 <head>
  <title>
</title>
<meta http-equiv="Content-Type" content="text/html;charset=utf-8" />
  <meta name='ocr-system' content='tesseract 3.04.00' />
  <meta name='ocr-capabilities' content='ocr_page ocr_carea ocr_par ocr_line ocrx_word'/>
</head>
<body>
  <div class='ocr_page' id='page_1' title='image "./tractatusdegrat00murrgoog_0107.png"; bbox 0 0 2424 4300; ppageno 0'>
   <div class='ocr_carea' id='block_1_1' title="bbox 173 380 1123 464">
    <p class='ocr_par' dir='ltr' id='par_1_1' title="bbox 173 380 1123 464">
     <span class='ocr_line' id='line_1_1' title="bbox 173 380 1123 464; baseline 0.002 -22"><span class='ocrx_word' id='word_1_1' title='bbox 173 401 213 460; x_wconf 87' lang='lat'><strong>92</strong></span> <span class='ocrx_word' id='word_1_2' title='bbox 537 383 593 447; x_wconf 79' lang='lat' dir='ltr'><strong>Dc</strong></span> <span class='ocrx_word' id='word_1_3' title='bbox 609 380 740 447; x_wconf 79' lang='lat' dir='ltr'><em>Gratia.</em></span> <span class='ocrx_word' id='word_1_4' title='bbox 956 380 1061 464; x_wconf 83' lang='lat' dir='ltr'><strong>[nrsr.</strong></span> <span class='ocrx_word' id='word_1_5' title='bbox 1077 401 1123 445; x_wconf 90' lang='lat'>111.</span> 
     </span>
    </p>
   </div>
   <div class='ocr_carea' id='block_1_2' title="bbox 143 546 1189 3719">
    <p class='ocr_par' dir='ltr' id='par_1_2' title="bbox 171 546 1189 1118">
     <span class='ocr_line' id='line_1_2' title="bbox 172 546 1189 624; baseline -0.001 -19"><span class='ocrx_word' id='word_1_6' title='bbox 172 546 352 622; x_wconf 77' lang='lat' dir='ltr'><strong>perfectioris</strong></span> <span class='ocrx_word' id='word_1_7' title='bbox 384 552 506 620; x_wconf 79' lang='lat' dir='ltr'><strong>naturae,</strong></span> <span class='ocrx_word' id='word_1_8' title='bbox 536 569 570 606; x_wconf 86' lang='lat' dir='ltr'><strong>eo</strong></span> <span class='ocrx_word' id='word_1_9' title='bbox 597 547 702 624; x_wconf 87' lang='lat' dir='ltr'><strong>majori</strong></span> <span class='ocrx_word' id='word_1_10' title='bbox 733 547 829 622; x_wconf 81' lang='lat' dir='ltr'><strong>gratia</strong></span> <span class='ocrx_word' id='word_1_11' title='bbox 856 546 954 604; x_wconf 87' lang='lat' dir='ltr'><strong>ornati</strong></span> <span class='ocrx_word' id='word_1_12' title='bbox 972 546 1123 606; x_wconf 82' lang='lat' dir='ltr'><strong>inerunt.”</strong></span> <span class='ocrx_word' id='word_1_13' title='bbox 1188 555 1189 564; x_wconf 59' lang='lat'>¹</span> 
     </span>
     <span class='ocr_line' id='line_1_3' title="bbox 173 644 1125 722; baseline 0 -20"><span class='ocrx_word' id='word_1_14' title='bbox 173 644 298 716; x_wconf 75' lang='lat' dir='ltr'><strong>Sama,</strong></span> <span class='ocrx_word' id='word_1_15' title='bbox 314 645 351 704; x_wconf 83' lang='lat' dir='ltr'><strong>do</strong></span> <span class='ocrx_word' id='word_1_16' title='bbox 363 646 495 722; x_wconf 80' lang='lat' dir='ltr'><strong>Angelis,</strong></span> <span class='ocrx_word' id='word_1_17' title='bbox 515 647 537 706; x_wconf 93' lang='lat' dir='ltr'><strong>l.</strong></span> <span class='ocrx_word' id='word_1_18' title='bbox 560 653 588 718; x_wconf 84' lang='lat'><strong>5,</strong></span> <span class='ocrx_word' id='word_1_19' title='bbox 604 667 630 705; x_wconf 86' lang='lat' dir='ltr'><strong>e.</strong></span> <span class='ocrx_word' id='word_1_20' title='bbox 647 651 694 716; x_wconf 87' lang='lat'><strong>10,</strong></span> <span class='ocrx_word' id='word_1_21' title='bbox 709 666 740 704; x_wconf 91' lang='lat' dir='ltr'><strong>n.</strong></span> <span class='ocrx_word' id='word_1_22' title='bbox 756 651 783 705; x_wconf 82' lang='grc'><strong>3.</strong></span> <span class='ocrx_word' id='word_1_23' title='bbox 822 647 870 704; x_wconf 86' lang='lat' dir='ltr'><strong>Ex</strong></span> <span class='ocrx_word' id='word_1_24' title='bbox 894 645 950 703; x_wconf 89' lang='lat' dir='ltr'><strong>hoc</strong></span> <span class='ocrx_word' id='word_1_25' title='bbox 974 645 1020 703; x_wconf 90' lang='lat' dir='ltr'><strong>sic</strong></span> <span class='ocrx_word' id='word_1_26' title='bbox 1042 646 1125 722; x_wconf 87' lang='lat' dir='ltr'><strong>objici</strong></span> 
     </span>
     <span class='ocr_line' id='line_1_4' title="bbox 171 745 1126 822; baseline -0.001 -19"><span class='ocrx_word' id='word_1_27' title='bbox 171 749 275 820; x_wconf 79' lang='lat' dir='ltr'><strong>potest</strong></span> <span class='ocrx_word' id='word_1_28' title='bbox 316 745 397 804; x_wconf 82' lang='lat' dir='ltr'><strong>Deus</strong></span> <span class='ocrx_word' id='word_1_29' title='bbox 409 746 532 822; x_wconf 79' lang='lat' dir='ltr'><strong>Angelis</strong></span> <span class='ocrx_word' id='word_1_30' title='bbox 551 747 663 804; x_wconf 88' lang='lat' dir='ltr'><strong>intuitu</strong></span> <span class='ocrx_word' id='word_1_31' title='bbox 682 745 908 822; x_wconf 68' lang='lat' dir='ltr'><strong>dispositionum</strong></span> <span class='ocrx_word' id='word_1_32' title='bbox 927 764 1031 803; x_wconf 89' lang='lat' dir='ltr'><strong>eorum</strong></span> <span class='ocrx_word' id='word_1_33' title='bbox 1044 751 1126 803; x_wconf 79' lang='lat' dir='ltr'><strong>natu·</strong></span> 
     </span>
     <span class='ocr_line' id='line_1_5' title="bbox 172 843 1127 921; baseline -0.003 -19"><span class='ocrx_word' id='word_1_34' title='bbox 172 844 277 902; x_wconf 88' lang='lat' dir='ltr'><strong>ralium</strong></span> <span class='ocrx_word' id='word_1_35' title='bbox 301 845 442 904; x_wconf 83' lang='lat' dir='ltr'><strong>minorem</strong></span> <span class='ocrx_word' id='word_1_36' title='bbox 463 849 516 905; x_wconf 83' lang='lat' dir='ltr'><strong>ant</strong></span> <span class='ocrx_word' id='word_1_37' title='bbox 535 847 675 921; x_wconf 81' lang='lat' dir='ltr'><strong>majorem</strong></span> <span class='ocrx_word' id='word_1_38' title='bbox 705 845 832 903; x_wconf 87' lang='lat' dir='ltr'><strong>contulit</strong></span> <span class='ocrx_word' id='word_1_39' title='bbox 862 843 1001 918; x_wconf 84' lang='lat' dir='ltr'><strong>gratiam.</strong></span> <span class='ocrx_word' id='word_1_40' title='bbox 1054 843 1127 919; x_wconf 83' lang='lat' dir='ltr'><strong>Ergo</strong></span> 
     </span>
     <span class='ocr_line' id='line_1_6' title="bbox 173 937 1127 1021; baseline 0 -21"><span class='ocrx_word' id='word_1_41' title='bbox 173 937 269 1002; x_wconf 81' lang='lat' dir='ltr'><strong>forsdn</strong></span> <span class='ocrx_word' id='word_1_42' title='bbox 291 943 373 1003; x_wconf 90' lang='lat' dir='ltr'><strong>Dens</strong></span> <span class='ocrx_word' id='word_1_43' title='bbox 393 945 476 1004; x_wconf 91' lang='lat' dir='ltr'><strong>nobis</strong></span> <span class='ocrx_word' id='word_1_44' title='bbox 497 945 612 1004; x_wconf 88' lang='lat' dir='ltr'><strong>intuitu</strong></span> <span class='ocrx_word' id='word_1_45' title='bbox 632 963 752 1021; x_wconf 84' lang='lat' dir='ltr'><strong>operum</strong></span> <span class='ocrx_word' id='word_1_46' title='bbox 770 946 935 1000; x_wconf 81' lang='lat' dir='ltr'><strong>nostrorum</strong></span> <span class='ocrx_word' id='word_1_47' title='bbox 946 942 1127 1000; x_wconf 58' lang='lat' dir='ltr'><strong>naturalium</strong></span> 
     </span>
     <span class='ocr_line' id='line_1_7' title="bbox 173 1042 354 1118; baseline 0.05 -25"><span class='ocrx_word' id='word_1_48' title='bbox 173 1042 224 1101; x_wconf 74' lang='lat' dir='ltr'><strong>dai</strong></span> <span class='ocrx_word' id='word_1_49' title='bbox 235 1042 354 1118; x_wconf 66' lang='lat' dir='ltr'><strong>gmfiffl·</strong></span> 
     </span>
    </p>

    <p class='ocr_par' dir='ltr' id='par_1_3' title="bbox 143 1143 1128 2125">
     <span class='ocr_line' id='line_1_8' title="bbox 213 1143 1125 1220; baseline -0.001 -20"><span class='ocrx_word' id='word_1_50' title='bbox 213 1148 260 1201; x_wconf 87' lang='lat'><strong>88.</strong></span> <span class='ocrx_word' id='word_1_51' title='bbox 281 1144 367 1219; x_wconf 79' lang='lat' dir='ltr'><strong>Resp.</strong></span> <span class='ocrx_word' id='word_1_52' title='bbox 392 1145 434 1202; x_wconf 78' lang='lat'><strong>10.</strong></span> <span class='ocrx_word' id='word_1_53' title='bbox 457 1145 519 1204; x_wconf 83' lang='lat' dir='ltr'><strong>[sta</strong></span> <span class='ocrx_word' id='word_1_54' title='bbox 538 1144 684 1204; x_wconf 82' lang='lat' dir='ltr'><strong>sententia</strong></span> <span class='ocrx_word' id='word_1_55' title='bbox 706 1143 809 1220; x_wconf 86' lang='lat' dir='ltr'><strong>(qnam</strong></span> <span class='ocrx_word' id='word_1_56' title='bbox 830 1145 911 1200; x_wconf 81' lang='lat' dir='ltr'><strong>tenet</strong></span> <span class='ocrx_word' id='word_1_57' title='bbox 935 1143 966 1201; x_wconf 86' lang='lat' dir='ltr'><strong>S.</strong></span> <span class='ocrx_word' id='word_1_58' title='bbox 993 1143 1125 1212; x_wconf 76' lang='lat' dir='ltr'><strong>Trionis,</strong></span> 
     </span>
     <span class='ocr_line' id='line_1_9' title="bbox 174 1241 1127 1322; baseline 0.001 -23"><span class='ocrx_word' id='word_1_59' title='bbox 174 1245 188 1299; x_wconf 96' lang='lat' dir='ltr'><strong>l</strong></span> <span class='ocrx_word' id='word_1_60' title='bbox 204 1263 279 1319; x_wconf 87' lang='lat' dir='ltr'><strong>pars,</strong></span> <span class='ocrx_word' id='word_1_61' title='bbox 294 1264 324 1320; x_wconf 89' lang='lat' dir='ltr'><strong>q.</strong></span> <span class='ocrx_word' id='word_1_62' title='bbox 340 1249 388 1314; x_wconf 77' lang='lat'><strong>62,</strong></span> <span class='ocrx_word' id='word_1_63' title='bbox 405 1264 432 1305; x_wconf 89' lang='lat' dir='ltr'><strong>a.</strong></span> <span class='ocrx_word' id='word_1_64' title='bbox 447 1245 480 1322; x_wconf 88' lang='lat'><strong>6)</strong></span> <span class='ocrx_word' id='word_1_65' title='bbox 492 1247 537 1303; x_wconf 82' lang='lat' dir='ltr'><strong>est</strong></span> <span class='ocrx_word' id='word_1_66' title='bbox 549 1244 669 1321; x_wconf 89' lang='lat' dir='ltr'><strong>quidem</strong></span> <span class='ocrx_word' id='word_1_67' title='bbox 681 1262 741 1300; x_wconf 91' lang='lat' dir='ltr'><strong>non</strong></span> <span class='ocrx_word' id='word_1_68' title='bbox 754 1247 870 1300; x_wconf 69' lang='lat' dir='ltr'><strong>antam</strong></span> <span class='ocrx_word' id='word_1_69' title='bbox 884 1242 963 1318; x_wconf 81' lang='lat' dir='ltr'><strong>apud</strong></span> <span class='ocrx_word' id='word_1_70' title='bbox 975 1241 1127 1318; x_wconf 88' lang='lat' dir='ltr'><strong>theologos</strong></span> 
     </span>
     <span class='ocr_line' id='line_1_10' title="bbox 170 1341 1125 1419; baseline -0.002 -17"><span class='ocrx_word' id='word_1_71' title='bbox 170 1348 297 1419; x_wconf 85' lang='lat' dir='ltr'><strong>recepta,</strong></span> <span class='ocrx_word' id='word_1_72' title='bbox 310 1343 361 1402; x_wconf 87' lang='lat' dir='ltr'><strong>sed</strong></span> <span class='ocrx_word' id='word_1_73' title='bbox 374 1343 609 1402; x_wconf 87' lang='lat' dir='ltr'><strong>communissime</strong></span> <span class='ocrx_word' id='word_1_74' title='bbox 628 1347 745 1418; x_wconf 88' lang='lat' dir='ltr'><strong>recepta</strong></span> <span class='ocrx_word' id='word_1_75' title='bbox 764 1341 920 1419; x_wconf 65' lang='lat' dir='ltr'><strong>(drauum,</strong></span> <span class='ocrx_word' id='word_1_76' title='bbox 942 1341 978 1399; x_wconf 88' lang='lat' dir='ltr'><strong>de</strong></span> <span class='ocrx_word' id='word_1_77' title='bbox 992 1341 1125 1416; x_wconf 80' lang='lat' dir='ltr'><strong>Angelis,</strong></span> 
     </span>
     <span class='ocr_line' id='line_1_11' title="bbox 171 1440 1124 1520; baseline -0.001 -22"><span class='ocrx_word' id='word_1_78' title='bbox 171 1440 200 1498; x_wconf 89' lang='lat' dir='ltr'><strong>d.</strong></span> <span class='ocrx_word' id='word_1_79' title='bbox 215 1446 244 1512; x_wconf 79' lang='lat'><strong>4,</strong></span> <span class='ocrx_word' id='word_1_80' title='bbox 258 1461 288 1518; x_wconf 91' lang='lat' dir='ltr'><strong>q.</strong></span> <span class='ocrx_word' id='word_1_81' title='bbox 302 1447 328 1514; x_wconf 92' lang='lat' dir='ltr'><strong>l,</strong></span> <span class='ocrx_word' id='word_1_82' title='bbox 344 1463 370 1500; x_wconf 81' lang='lat' dir='ltr'><strong>a</strong></span> <span class='ocrx_word' id='word_1_83' title='bbox 386 1449 414 1514; x_wconf 78' lang='lat'><strong>2,</strong></span> <span class='ocrx_word' id='word_1_84' title='bbox 429 1463 459 1500; x_wconf 89' lang='lat' dir='ltr'><strong>n.</strong></span> <span class='ocrx_word' id='word_1_85' title='bbox 478 1445 537 1520; x_wconf 87' lang='lat'><strong>10),</strong></span> <span class='ocrx_word' id='word_1_86' title='bbox 552 1461 612 1502; x_wconf 87' lang='lat' dir='ltr'><strong>non</strong></span> <span class='ocrx_word' id='word_1_87' title='bbox 625 1447 723 1501; x_wconf 86' lang='lat' dir='ltr'><strong>tamen</strong></span> <span class='ocrx_word' id='word_1_88' title='bbox 730 1444 852 1500; x_wconf 86' lang='lat' dir='ltr'><strong>utcerta</strong></span> <span class='ocrx_word' id='word_1_89' title='bbox 863 1440 972 1500; x_wconf 90' lang='lat' dir='ltr'><strong>nedum</strong></span> <span class='ocrx_word' id='word_1_90' title='bbox 986 1440 1124 1500; x_wconf 84' lang='lat' dir='ltr'><strong>definita:</strong></span> 
     </span>
     <span class='ocr_line' id='line_1_12' title="bbox 170 1539 1127 1600; baseline -0.001 -2"><span class='ocrx_word' id='word_1_91' title='bbox 170 1540 202 1600; x_wconf 83' lang='lat' dir='ltr'><strong>S.</strong></span> <span class='ocrx_word' id='word_1_92' title='bbox 223 1540 348 1599; x_wconf 77' lang='lat' dir='ltr'><strong>Tirone</strong></span> <span class='ocrx_word' id='word_1_93' title='bbox 375 1547 491 1600; x_wconf 81' lang='lat' dir='ltr'><strong>tantum</strong></span> <span class='ocrx_word' id='word_1_94' title='bbox 513 1542 586 1600; x_wconf 92' lang='lat' dir='ltr'><strong>dicit</strong></span> <span class='ocrx_word' id='word_1_95' title='bbox 614 1562 677 1600; x_wconf 84' lang='lat' dir='ltr'><strong>eam</strong></span> <span class='ocrx_word' id='word_1_96' title='bbox 707 1561 769 1600; x_wconf 87' lang='lat' dir='ltr'><strong>esse</strong></span> <span class='ocrx_word' id='word_1_97' title='bbox 790 1539 1006 1598; x_wconf 79' lang='lat' dir='ltr'><strong>rationabilem.</strong></span> <span class='ocrx_word' id='word_1_98' title='bbox 1060 1539 1127 1600; x_wconf 78' lang='lat' dir='ltr'><strong>Sine</strong></span> 
     </span>
     <span class='ocr_line' id='line_1_13' title="bbox 170 1639 1126 1718; baseline 0.003 -22"><span class='ocrx_word' id='word_1_99' title='bbox 170 1639 259 1698; x_wconf 88' lang='lat' dir='ltr'><strong>dubio</strong></span> <span class='ocrx_word' id='word_1_100' title='bbox 273 1641 400 1718; x_wconf 77' lang='lat' dir='ltr'><strong>theologi</strong></span> <span class='ocrx_word' id='word_1_101' title='bbox 422 1642 474 1700; x_wconf 88' lang='lat' dir='ltr'><strong>isti</strong></span> <span class='ocrx_word' id='word_1_102' title='bbox 494 1642 659 1718; x_wconf 90' lang='lat' dir='ltr'><strong>loquuntur</strong></span> <span class='ocrx_word' id='word_1_103' title='bbox 680 1647 744 1700; x_wconf 85' lang='lat' dir='ltr'><strong>tum</strong></span> <span class='ocrx_word' id='word_1_104' title='bbox 767 1642 803 1698; x_wconf 92' lang='lat' dir='ltr'><strong>de</strong></span> <span class='ocrx_word' id='word_1_105' title='bbox 824 1641 919 1716; x_wconf 84' lang='lat' dir='ltr'><strong>gratia</strong></span> <span class='ocrx_word' id='word_1_106' title='bbox 935 1639 1051 1698; x_wconf 86' lang='lat' dir='ltr'><strong>actuali</strong></span> <span class='ocrx_word' id='word_1_107' title='bbox 1065 1645 1126 1699; x_wconf 91' lang='lat' dir='ltr'><strong>tum</strong></span> 
     </span>
     <span class='ocr_line' id='line_1_14' title="bbox 169 1739 1127 1818; baseline -0.001 -21"><span class='ocrx_word' id='word_1_108' title='bbox 169 1739 206 1797; x_wconf 90' lang='lat' dir='ltr'><strong>de</strong></span> <span class='ocrx_word' id='word_1_109' title='bbox 219 1741 365 1799; x_wconf 78' lang='lat' dir='ltr'><strong>habituali</strong></span> <span class='ocrx_word' id='word_1_110' title='bbox 380 1743 446 1818; x_wconf 87' lang='lat' dir='ltr'><strong>(aut</strong></span> <span class='ocrx_word' id='word_1_111' title='bbox 458 1747 613 1818; x_wconf 88' lang='lat' dir='ltr'><strong>augmento</strong></span> <span class='ocrx_word' id='word_1_112' title='bbox 626 1742 703 1818; x_wconf 85' lang='lat' dir='ltr'><strong>ejus)</strong></span> <span class='ocrx_word' id='word_1_113' title='bbox 723 1740 867 1799; x_wconf 74' lang='lat' dir='ltr'><strong>actualem</strong></span> <span class='ocrx_word' id='word_1_114' title='bbox 880 1747 1023 1816; x_wconf 87' lang='lat' dir='ltr'><strong>sequente</strong></span> <span class='ocrx_word' id='word_1_115' title='bbox 1043 1763 1053 1810; x_wconf 85' lang='lat'>3</span> <span class='ocrx_word' id='word_1_116' title='bbox 1075 1740 1127 1800; x_wconf 87' lang='lat' dir='ltr'><strong>etsi</strong></span> 
     </span>
     <span class='ocr_line' id='line_1_15' title="bbox 169 1838 1128 1920; baseline 0.009 -23"><span class='ocrx_word' id='word_1_117' title='bbox 169 1838 201 1896; x_wconf 93' lang='lat' dir='ltr'><strong>id</strong></span> <span class='ocrx_word' id='word_1_118' title='bbox 213 1860 312 1900; x_wconf 88' lang='lat' dir='ltr'><strong>omnes</strong></span> <span class='ocrx_word' id='word_1_119' title='bbox 324 1861 510 1920; x_wconf 85' lang='lat' dir='ltr'><strong>nequaqnam</strong></span> <span class='ocrx_word' id='word_1_120' title='bbox 523 1843 593 1902; x_wconf 88' lang='lat' dir='ltr'><strong>satis</strong></span> <span class='ocrx_word' id='word_1_121' title='bbox 607 1843 683 1902; x_wconf 84' lang='lat' dir='ltr'><strong>clare</strong></span> <span class='ocrx_word' id='word_1_122' title='bbox 703 1841 878 1917; x_wconf 74' lang='lat' dir='ltr'><strong>significant·</strong></span> <span class='ocrx_word' id='word_1_123' title='bbox 919 1841 1077 1918; x_wconf 76' lang='lat' dir='ltr'><strong>Quicquid</strong></span> <span class='ocrx_word' id='word_1_124' title='bbox 1094 1841 1128 1898; x_wconf 73' lang='lat' dir='ltr'><strong>de</strong></span> 
     </span>
     <span class='ocr_line' id='line_1_16' title="bbox 143 1941 1127 2021; baseline 0.002 -20"><span class='ocrx_word' id='word_1_125' title='bbox 143 1941 146 1946; x_wconf 78' lang='grc'><strong>’</strong></span> <span class='ocrx_word' id='word_1_126' title='bbox 168 1944 224 2002; x_wconf 86' lang='lat' dir='ltr'><strong>hoc</strong></span> <span class='ocrx_word' id='word_1_127' title='bbox 237 1942 355 2016; x_wconf 89' lang='lat' dir='ltr'><strong>dicitnr,</strong></span> <span class='ocrx_word' id='word_1_128' title='bbox 371 1947 515 2005; x_wconf 75' lang='lat' dir='ltr'><strong>sententia</strong></span> <span class='ocrx_word' id='word_1_129' title='bbox 527 1947 579 2005; x_wconf 84' lang='lat' dir='ltr'><strong>illa</strong></span> <span class='ocrx_word' id='word_1_130' title='bbox 588 1950 650 2005; x_wconf 88' lang='lat' dir='ltr'><strong>toto</strong></span> <span class='ocrx_word' id='word_1_131' title='bbox 660 1945 738 2006; x_wconf 87' lang='lat' dir='ltr'><strong>coelo</strong></span> <span class='ocrx_word' id='word_1_132' title='bbox 751 1966 769 2004; x_wconf 94' lang='lat' dir='ltr'><strong>a</strong></span> <span class='ocrx_word' id='word_1_133' title='bbox 783 1944 1018 2021; x_wconf 77' lang='lat' dir='ltr'><strong>semipelagiono</strong></span> <span class='ocrx_word' id='word_1_134' title='bbox 1032 1964 1127 2004; x_wconf 89' lang='lat' dir='ltr'><strong>errore</strong></span> 
     </span>
     <span class='ocr_line' id='line_1_17' title="bbox 168 2047 416 2125; baseline 0.008 -19"><span class='ocrx_word' id='word_1_135' title='bbox 168 2047 267 2106; x_wconf 84' lang='lat' dir='ltr'><strong>distat.</strong></span> <span class='ocrx_word' id='word_1_136' title='bbox 308 2049 416 2125; x_wconf 87' lang='lat' dir='ltr'><strong>Igitur,</strong></span> 
     </span>
    </p>

    <p class='ocr_par' dir='ltr' id='par_1_4' title="bbox 166 2147 1131 3222">
     <span class='ocr_line' id='line_1_18' title="bbox 208 2147 1126 2224; baseline 0.003 -20"><span class='ocrx_word' id='word_1_137' title='bbox 208 2151 253 2205; x_wconf 88' lang='grc'><strong>89.</strong></span> <span class='ocrx_word' id='word_1_138' title='bbox 275 2148 319 2206; x_wconf 81' lang='lat'><strong>2⁰.</strong></span> <span class='ocrx_word' id='word_1_139' title='bbox 340 2149 498 2224; x_wconf 79' lang='lat' dir='ltr'><strong>Distinguo</strong></span> <span class='ocrx_word' id='word_1_140' title='bbox 511 2150 709 2210; x_wconf 79' lang='lat' dir='ltr'><strong>antecedens:</strong></span> <span class='ocrx_word' id='word_1_141' title='bbox 729 2150 818 2218; x_wconf 81' lang='lat' dir='ltr'><strong>Deus,</strong></span> <span class='ocrx_word' id='word_1_142' title='bbox 839 2147 1045 2207; x_wconf 87' lang='lat' dir='ltr'><strong>distribuendo</strong></span> <span class='ocrx_word' id='word_1_143' title='bbox 1067 2149 1126 2207; x_wconf 81' lang='lat' dir='ltr'><strong>An·</strong></span> 
     </span>
     <span class='ocr_line' id='line_1_19' title="bbox 168 2245 1127 2324; baseline 0 -19"><span class='ocrx_word' id='word_1_144' title='bbox 168 2246 243 2321; x_wconf 83' lang='lat' dir='ltr'><strong>gelis</strong></span> <span class='ocrx_word' id='word_1_145' title='bbox 256 2247 388 2322; x_wconf 76' lang='lat' dir='ltr'><strong>gratiam,</strong></span> <span class='ocrx_word' id='word_1_146' title='bbox 405 2268 503 2307; x_wconf 89' lang='lat' dir='ltr'><strong>corum</strong></span> <span class='ocrx_word' id='word_1_147' title='bbox 524 2269 607 2323; x_wconf 82' lang='lat' dir='ltr'><strong>opera</strong></span> <span class='ocrx_word' id='word_1_148' title='bbox 625 2248 771 2306; x_wconf 85' lang='lat' dir='ltr'><strong>naturalia</strong></span> <span class='ocrx_word' id='word_1_149' title='bbox 790 2247 852 2304; x_wconf 90' lang='lat' dir='ltr'><strong>ullo</strong></span> <span class='ocrx_word' id='word_1_150' title='bbox 871 2245 956 2304; x_wconf 88' lang='lat' dir='ltr'><strong>modo</strong></span> <span class='ocrx_word' id='word_1_151' title='bbox 970 2247 1127 2324; x_wconf 81' lang='lat' dir='ltr'><strong>respexit:</strong></span> 
     </span>
     <span class='ocr_line' id='line_1_20' title="bbox 168 2345 1128 2423; baseline 0.003 -21"><span class='ocrx_word' id='word_1_152' title='bbox 168 2347 268 2420; x_wconf 88' lang='lat' dir='ltr'><strong>Nego:</strong></span> <span class='ocrx_word' id='word_1_153' title='bbox 290 2347 372 2405; x_wconf 87' lang='lat' dir='ltr'><strong>nulla</strong></span> <span class='ocrx_word' id='word_1_154' title='bbox 385 2347 463 2405; x_wconf 91' lang='lat' dir='ltr'><strong>enim</strong></span> <span class='ocrx_word' id='word_1_155' title='bbox 476 2347 547 2405; x_wconf 85' lang='lat' dir='ltr'><strong>talia</strong></span> <span class='ocrx_word' id='word_1_156' title='bbox 560 2367 646 2423; x_wconf 86' lang='lat' dir='ltr'><strong>opera</strong></span> <span class='ocrx_word' id='word_1_157' title='bbox 658 2348 812 2418; x_wconf 85' lang='lat' dir='ltr'><strong>habebant,</strong></span> <span class='ocrx_word' id='word_1_158' title='bbox 835 2345 997 2423; x_wconf 76' lang='lat' dir='ltr'><strong>presertim</strong></span> <span class='ocrx_word' id='word_1_159' title='bbox 1011 2346 1046 2404; x_wconf 87' lang='lat' dir='ltr'><strong>in</strong></span> <span class='ocrx_word' id='word_1_160' title='bbox 1062 2367 1128 2407; x_wconf 89' lang='lat' dir='ltr'><strong>sen-</strong></span> 
     </span>
     <span class='ocr_line' id='line_1_21' title="bbox 168 2444 1127 2522; baseline 0.004 -20"><span class='ocrx_word' id='word_1_161' title='bbox 168 2445 260 2503; x_wconf 84' lang='lat' dir='ltr'><strong>tentia</strong></span> <span class='ocrx_word' id='word_1_162' title='bbox 273 2465 383 2518; x_wconf 89' lang='lat' dir='ltr'><strong>eorum,</strong></span> <span class='ocrx_word' id='word_1_163' title='bbox 399 2447 451 2522; x_wconf 92' lang='lat' dir='ltr'><strong>qni</strong></span> <span class='ocrx_word' id='word_1_164' title='bbox 474 2453 575 2505; x_wconf 88' lang='lat' dir='ltr'><strong>tenent</strong></span> <span class='ocrx_word' id='word_1_165' title='bbox 596 2467 644 2506; x_wconf 87' lang='lat' dir='ltr'><strong>eos</strong></span> <span class='ocrx_word' id='word_1_166' title='bbox 665 2447 754 2504; x_wconf 80' lang='lat' dir='ltr'><strong>fuisse</strong></span> <span class='ocrx_word' id='word_1_167' title='bbox 771 2449 880 2504; x_wconf 83' lang='lat' dir='ltr'><strong>creatos</strong></span> <span class='ocrx_word' id='word_1_168' title='bbox 899 2444 931 2502; x_wconf 93' lang='lat' dir='ltr'><strong>in</strong></span> <span class='ocrx_word' id='word_1_169' title='bbox 945 2447 1127 2505; x_wconf 81' lang='lat' dir='ltr'><strong>sanctitate:</strong></span> 
     </span>
     <span class='ocr_line' id='line_1_22' title="bbox 167 2544 1128 2622; baseline 0.003 -20"><span class='ocrx_word' id='word_1_170' title='bbox 167 2545 311 2622; x_wconf 84' lang='lat' dir='ltr'><strong>Respexit</strong></span> <span class='ocrx_word' id='word_1_171' title='bbox 321 2551 468 2606; x_wconf 81' lang='lat' dir='ltr'><strong>naturam:</strong></span> <span class='ocrx_word' id='word_1_172' title='bbox 482 2547 707 2621; x_wconf 84' lang='lat' dir='ltr'><strong>Subdistinguo:</strong></span> <span class='ocrx_word' id='word_1_173' title='bbox 725 2547 773 2604; x_wconf 80' lang='lat' dir='ltr'><strong>Ite</strong></span> <span class='ocrx_word' id='word_1_174' title='bbox 782 2544 918 2620; x_wconf 86' lang='lat' dir='ltr'><strong>respexit,</strong></span> <span class='ocrx_word' id='word_1_175' title='bbox 930 2545 1128 2616; x_wconf 88' lang='lat' dir='ltr'><strong>decernendo,</strong></span> 
     </span>
     <span class='ocr_line' id='line_1_23' title="bbox 167 2645 1128 2724; baseline 0.002 -22"><span class='ocrx_word' id='word_1_176' title='bbox 167 2663 205 2702; x_wconf 87' lang='lat' dir='ltr'><strong>ex</strong></span> <span class='ocrx_word' id='word_1_177' title='bbox 219 2647 338 2705; x_wconf 91' lang='lat' dir='ltr'><strong>consilio</strong></span> <span class='ocrx_word' id='word_1_178' title='bbox 352 2667 404 2705; x_wconf 90' lang='lat' dir='ltr'><strong>suo</strong></span> <span class='ocrx_word' id='word_1_179' title='bbox 417 2648 558 2706; x_wconf 82' lang='lat' dir='ltr'><strong>altissimo</strong></span> <span class='ocrx_word' id='word_1_180' title='bbox 572 2653 602 2706; x_wconf 86' lang='lat' dir='ltr'><strong>et</strong></span> <span class='ocrx_word' id='word_1_181' title='bbox 615 2667 689 2723; x_wconf 89' lang='lat' dir='ltr'><strong>pure</strong></span> <span class='ocrx_word' id='word_1_182' title='bbox 701 2647 794 2706; x_wconf 84' lang='lat' dir='ltr'><strong>libere</strong></span> <span class='ocrx_word' id='word_1_183' title='bbox 806 2645 967 2713; x_wconf 83' lang='lat' dir='ltr'><strong>voluntate,</strong></span> <span class='ocrx_word' id='word_1_184' title='bbox 983 2649 1128 2724; x_wconf 84' lang='lat' dir='ltr'><strong>utquam</strong></span> 
     </span>
     <span class='ocr_line' id='line_1_24' title="bbox 167 2745 1130 2822; baseline 0.004 -21"><span class='ocrx_word' id='word_1_185' title='bbox 167 2749 302 2804; x_wconf 86' lang='lat' dir='ltr'><strong>naturam</strong></span> <span class='ocrx_word' id='word_1_186' title='bbox 315 2747 476 2822; x_wconf 87' lang='lat' dir='ltr'><strong>angelicam</strong></span> <span class='ocrx_word' id='word_1_187' title='bbox 493 2746 728 2806; x_wconf 83' lang='lat' dir='ltr'><strong>excellentiorem</strong></span> <span class='ocrx_word' id='word_1_188' title='bbox 749 2750 859 2806; x_wconf 86' lang='lat' dir='ltr'><strong>crearet</strong></span> <span class='ocrx_word' id='word_1_189' title='bbox 881 2745 1004 2804; x_wconf 86' lang='lat' dir='ltr'><strong>eandem</strong></span> <span class='ocrx_word' id='word_1_190' title='bbox 1024 2747 1130 2808; x_wconf 83' lang='lat' dir='ltr'><strong>eadem</strong></span> 
     </span>
     <span class='ocr_line' id='line_1_25' title="bbox 166 2845 1129 2923; baseline 0.003 -22"><span class='ocrx_word' id='word_1_191' title='bbox 166 2845 351 2921; x_wconf 86' lang='lat' dir='ltr'><strong>proportione</strong></span> <span class='ocrx_word' id='word_1_192' title='bbox 370 2847 465 2922; x_wconf 86' lang='lat' dir='ltr'><strong>gratia</strong></span> <span class='ocrx_word' id='word_1_193' title='bbox 484 2852 629 2923; x_wconf 87' lang='lat' dir='ltr'><strong>augeret:</strong></span> <span class='ocrx_word' id='word_1_194' title='bbox 650 2845 801 2907; x_wconf 77' lang='lat' dir='ltr'><strong>Concedo:</strong></span> <span class='ocrx_word' id='word_1_195' title='bbox 823 2847 966 2920; x_wconf 80' lang='lat' dir='ltr'><strong>Respexit</strong></span> <span class='ocrx_word' id='word_1_196' title='bbox 984 2849 1129 2906; x_wconf 78' lang='lat' dir='ltr'><strong>naturam</strong></span> 
     </span>
     <span class='ocr_line' id='line_1_26' title="bbox 167 2943 1131 3024; baseline 0.007 -24"><span class='ocrx_word' id='word_1_197' title='bbox 167 2943 401 3003; x_wconf 81' lang='lat' dir='ltr'><strong>excellentiorem</strong></span> <span class='ocrx_word' id='word_1_198' title='bbox 414 2949 449 3003; x_wconf 91' lang='lat' dir='ltr'><strong>ut</strong></span> <span class='ocrx_word' id='word_1_199' title='bbox 456 2947 611 3005; x_wconf 86' lang='lat' dir='ltr'><strong>habentem</strong></span> <span class='ocrx_word' id='word_1_200' title='bbox 622 2946 800 3023; x_wconf 85' lang='lat' dir='ltr'><strong>exigentiam</strong></span> <span class='ocrx_word' id='word_1_201' title='bbox 813 2949 865 3005; x_wconf 87' lang='lat' dir='ltr'><strong>aut</strong></span> <span class='ocrx_word' id='word_1_202' title='bbox 877 2944 1020 3004; x_wconf 81' lang='lat' dir='ltr'><strong>meritum</strong></span> <span class='ocrx_word' id='word_1_203' title='bbox 1032 2947 1131 3024; x_wconf 88' lang='lat' dir='ltr'><strong>quod·</strong></span> 
     </span>
     <span class='ocr_line' id='line_1_27' title="bbox 166 3048 1131 3127; baseline 0.007 -24"><span class='ocrx_word' id='word_1_204' title='bbox 166 3063 298 3123; x_wconf 88' lang='lat' dir='ltr'><strong>cumque,</strong></span> <span class='ocrx_word' id='word_1_205' title='bbox 322 3048 407 3124; x_wconf 89' lang='lat' dir='ltr'><strong>cnjus</strong></span> <span class='ocrx_word' id='word_1_206' title='bbox 438 3049 551 3110; x_wconf 82' lang='lat' dir='ltr'><strong>intuitu</strong></span> <span class='ocrx_word' id='word_1_207' title='bbox 572 3052 698 3127; x_wconf 86' lang='lat' dir='ltr'><strong>gratiam</strong></span> <span class='ocrx_word' id='word_1_208' title='bbox 722 3051 805 3110; x_wconf 85' lang='lat' dir='ltr'><strong>daret</strong></span> <span class='ocrx_word' id='word_1_209' title='bbox 829 3053 882 3109; x_wconf 88' lang='lat' dir='ltr'><strong>aut</strong></span> <span class='ocrx_word' id='word_1_210' title='bbox 903 3050 1046 3125; x_wconf 81' lang='lat' dir='ltr'><strong>majorem</strong></span> <span class='ocrx_word' id='word_1_211' title='bbox 1076 3057 1131 3111; x_wconf 89' lang='lat' dir='ltr'><strong>aut</strong></span> 
     </span>
     <span class='ocr_line' id='line_1_28' title="bbox 167 3143 392 3222; baseline 0.018 -20"><span class='ocrx_word' id='word_1_212' title='bbox 167 3143 278 3204; x_wconf 84' lang='lat' dir='ltr'><strong>ullam:</strong></span> <span class='ocrx_word' id='word_1_213' title='bbox 300 3147 392 3222; x_wconf 87' lang='lat' dir='ltr'><strong>Nego.</strong></span> 
     </span>
    </p>

    <p class='ocr_par' dir='ltr' id='par_1_5' title="bbox 163 3243 1130 3719">
     <span class='ocr_line' id='line_1_29' title="bbox 207 3243 1128 3320; baseline 0.009 -19"><span class='ocrx_word' id='word_1_214' title='bbox 207 3249 254 3302; x_wconf 87' lang='lat'><strong>90.</strong></span> <span class='ocrx_word' id='word_1_215' title='bbox 277 3243 317 3303; x_wconf 83' lang='lat'><strong>3⁰.</strong></span> <span class='ocrx_word' id='word_1_216' title='bbox 338 3245 416 3304; x_wconf 87' lang='lat' dir='ltr'><strong>Dato</strong></span> <span class='ocrx_word' id='word_1_217' title='bbox 429 3249 613 3308; x_wconf 84' lang='lat' dir='ltr'><strong>antecedenti</strong></span> <span class='ocrx_word' id='word_1_218' title='bbox 625 3249 713 3308; x_wconf 87' lang='lat' dir='ltr'><strong>etiam</strong></span> <span class='ocrx_word' id='word_1_219' title='bbox 734 3249 766 3307; x_wconf 94' lang='lat' dir='ltr'><strong>in</strong></span> <span class='ocrx_word' id='word_1_220' title='bbox 786 3268 872 3308; x_wconf 89' lang='lat' dir='ltr'><strong>sensu</strong></span> <span class='ocrx_word' id='word_1_221' title='bbox 892 3247 1023 3308; x_wconf 85' lang='lat' dir='ltr'><strong>maxime</strong></span> <span class='ocrx_word' id='word_1_222' title='bbox 1037 3249 1128 3320; x_wconf 81' lang='lat' dir='ltr'><strong>falso,</strong></span> 
     </span>
     <span class='ocr_line' id='line_1_30' title="bbox 166 3341 1130 3425; baseline 0.009 -25"><span class='ocrx_word' id='word_1_223' title='bbox 166 3341 247 3418; x_wconf 79' lang='lat' dir='ltr'><strong>Nego</strong></span> <span class='ocrx_word' id='word_1_224' title='bbox 261 3345 506 3423; x_wconf 83' lang='lat' dir='ltr'><strong>consequentiam.</strong></span> <span class='ocrx_word' id='word_1_225' title='bbox 548 3349 597 3406; x_wconf 88' lang='lat' dir='ltr'><strong>Ex</strong></span> <span class='ocrx_word' id='word_1_226' title='bbox 616 3368 649 3407; x_wconf 90' lang='lat' dir='ltr'><strong>eo</strong></span> <span class='ocrx_word' id='word_1_227' title='bbox 669 3349 748 3408; x_wconf 90' lang='lat' dir='ltr'><strong>enim</strong></span> <span class='ocrx_word' id='word_1_228' title='bbox 768 3347 845 3424; x_wconf 90' lang='lat' dir='ltr'><strong>quod</strong></span> <span class='ocrx_word' id='word_1_229' title='bbox 864 3347 944 3406; x_wconf 86' lang='lat' dir='ltr'><strong>Deus</strong></span> <span class='ocrx_word' id='word_1_230' title='bbox 964 3346 1009 3406; x_wconf 81' lang='lat' dir='ltr'><strong>ita</strong></span> <span class='ocrx_word' id='word_1_231' title='bbox 1028 3350 1130 3425; x_wconf 87' lang='lat' dir='ltr'><strong>egerit</strong></span> 
     </span>
     <span class='ocr_line' id='line_1_31' title="bbox 165 3441 1130 3524; baseline 0.007 -24"><span class='ocrx_word' id='word_1_232' title='bbox 165 3441 312 3504; x_wconf 83' lang='lat' dir='ltr'><strong>inordina</strong></span> <span class='ocrx_word' id='word_1_233' title='bbox 332 3445 462 3521; x_wconf 89' lang='lat' dir='ltr'><strong>angelico</strong></span> <span class='ocrx_word' id='word_1_234' title='bbox 486 3445 654 3506; x_wconf 89' lang='lat' dir='ltr'><strong>nullomodo</strong></span> <span class='ocrx_word' id='word_1_235' title='bbox 677 3449 809 3524; x_wconf 84' lang='lat' dir='ltr'><strong>sequitur</strong></span> <span class='ocrx_word' id='word_1_236' title='bbox 830 3467 897 3506; x_wconf 92' lang='lat' dir='ltr'><strong>cum</strong></span> <span class='ocrx_word' id='word_1_237' title='bbox 920 3446 964 3504; x_wconf 90' lang='lat' dir='ltr'><strong>ita</strong></span> <span class='ocrx_word' id='word_1_238' title='bbox 986 3467 1082 3523; x_wconf 82' lang='lat' dir='ltr'><strong>agere</strong></span> <span class='ocrx_word' id='word_1_239' title='bbox 1098 3451 1130 3507; x_wconf 94' lang='lat' dir='ltr'><strong>in</strong></span> 
     </span>
     <span class='ocr_line' id='line_1_32' title="bbox 163 3542 1129 3616; baseline 0.008 -16"><span class='ocrx_word' id='word_1_240' title='bbox 163 3547 260 3601; x_wconf 88' lang='lat' dir='ltr'><strong>nostro</strong></span> <span class='ocrx_word' id='word_1_241' title='bbox 274 3542 383 3616; x_wconf 83' lang='lat' dir='ltr'><strong>ordine,</strong></span> <span class='ocrx_word' id='word_1_242' title='bbox 409 3549 440 3603; x_wconf 89' lang='lat' dir='ltr'><strong>et</strong></span> <span class='ocrx_word' id='word_1_243' title='bbox 459 3544 489 3602; x_wconf 92' lang='lat' dir='ltr'><strong>id</strong></span> <span class='ocrx_word' id='word_1_244' title='bbox 503 3545 630 3604; x_wconf 85' lang='lat' dir='ltr'><strong>maxime</strong></span> <span class='ocrx_word' id='word_1_245' title='bbox 652 3565 719 3606; x_wconf 89' lang='lat' dir='ltr'><strong>oum</strong></span> <span class='ocrx_word' id='word_1_246' title='bbox 744 3546 849 3605; x_wconf 86' lang='lat' dir='ltr'><strong>diserte</strong></span> <span class='ocrx_word' id='word_1_247' title='bbox 873 3545 1017 3606; x_wconf 81' lang='lat' dir='ltr'><strong>revelavit</strong></span> <span class='ocrx_word' id='word_1_248' title='bbox 1032 3567 1066 3607; x_wconf 89' lang='lat' dir='ltr'><strong>se</strong></span> <span class='ocrx_word' id='word_1_249' title='bbox 1083 3549 1129 3608; x_wconf 81' lang='lat' dir='ltr'><strong>ita</strong></span> 
     </span>
     <span class='ocr_line' id='line_1_33' title="bbox 163 3639 487 3719; baseline 0.003 -19"><span class='ocrx_word' id='word_1_250' title='bbox 163 3639 312 3702; x_wconf 88' lang='lat' dir='ltr'><strong>nobiscnm</strong></span> <span class='ocrx_word' id='word_1_251' title='bbox 324 3661 383 3702; x_wconf 89' lang='lat' dir='ltr'><strong>non</strong></span> <span class='ocrx_word' id='word_1_252' title='bbox 393 3661 487 3719; x_wconf 87' lang='lat' dir='ltr'><strong>agere.</strong></span> 
     </span>
    </p>
   </div>
   <div class='ocr_carea' id='block_1_3' title="bbox 0 0 1216 4300">
    <p class='ocr_par' dir='ltr' id='par_1_6' title="bbox 0 0 1216 4300">
     <span class='ocr_line' id='line_1_34' title="bbox 0 0 1216 4300; baseline 0 0"><span class='ocrx_word' id='word_1_253' title='bbox 0 0 1216 4300; x_wconf 95' lang='lat' dir='ltr'><strong> </strong></span> 
     </span>
    </p>
   </div>
  </div>
 </body>
</html>
