2402 4292
79 491 169 538 msc.
184 470 230 558 x.]
300 472 356 554 Dc
369 469 651 560 Da'spcszi‘abm'bus
665 469 712 535 cd
726 467 875 558 Justc'fic.
973 477 1034 554 363

81 644 133 700 est
146 640 194 699 hic
207 640 368 700 versiculus
381 661 447 702 oum
460 659 533 702 vers.
552 644 586 699 16
600 641 654 699 hoo
674 639 820 698 modo—‘⁶
828 638 951 698 factores
963 639 1037 715 legis

76 740 357 819 justificabuntur.
380 787 387 802 .
410 787 417 802 .
440 787 447 802 .
468 741 500 802 in
514 741 561 801 dia
581 760 647 801 cum
662 739 809 818 judicabit
821 741 901 799 Deus
925 740 1038 800 occulta

81 843 269 905 hominum.’'
309 845 402 904 Aliud
415 865 483 910 vero
497 847 541 905 est
554 861 640 922 opera
654 843 710 902 alia
722 846 828 920 praeter
840 843 929 903 fidem
941 863 1038 903 neces·

78 945 162 1004 saria
181 965 243 1005 esse
256 945 390 1006 advitam
406 951 553 1020 aeternam,
569 964 620 1005 seu
633 947 668 1004 ut
681 945 746 1022 quis
766 945 929 1004 declaretur
940 943 1039 1020 justus

78 1047 119 1104 in
133 1047 179 1106 dic
198 1047 322 1124 judicii;
354 1047 436 1107 aliud
455 1068 524 1108 vero
545 1067 631 1125 opera
653 1047 710 1106 ista
733 1046 893 1106 necessaria
918 1065 979 1106 esse
1002 1047 1039 1105 ad

74 1148 321 1226 justificationem
334 1148 499 1226 peccatoris.
540 1150 638 1220 Heus,
657 1153 675 1182 ‘⁶
687 1147 816 1208 Treatise
830 1167 868 1206 on
878 1148 928 1207 the
943 1145 1038 1224 Scrip-

80 1248 166 1306 tural
180 1248 317 1308 Doctrine
332 1249 364 1306 of
375 1247 604 1321 Justifioation,''
620 1269 645 1308 c.
661 1253 689 1306 6.

128 1353 177 1407 45.
197 1347 282 1423 Resp.
301 1348 342 1408 1⁰.
364 1349 462 1408 Variae
485 1353 555 1408 sunt
577 1349 729 1407 sententiae
743 1351 773 1407 et
792 1350 927 1407 ueterum
943 1350 973 1406 et
991 1366 1038 1405 re·

82 1447 249 1508 centiorum
272 1449 307 1506 de
330 1467 410 1507 nexu
428 1469 502 1508 vers.
533 1453 568 1506 16
590 1468 656 1507 cum
679 1447 921 1525 praecedentibus.
972 1447 1036 1504 Ple-

81 1549 172 1625 rique
185 1548 314 1607 doctores
328 1548 535 1608 Protestantici
548 1545 615 1626 post
624 1550 771 1620 Guorrcra,
782 1551 907 1607 testante
920 1547 1038 1605 Bnoou-
1070 1545 1072 1549 ’

83 1633 188 1720 nisan,
217 1651 338 1707 nectunt
371 1669 438 1708 eum
471 1668 546 1708 vers.
576 1654 622 1721 12,
652 1648 696 1706 ita
728 1651 763 1706 ut
785 1645 950 1724 interpositi
973 1664 1038 1704 ver-

84 1747 182 1820 siculi,
217 1750 325 1820 13-15,
359 1748 527 1825 parenthesi
560 1748 768 1807 includantur:
806 1747 849 1805 ita
879 1750 909 1804 et
936 1745 1038 1805 Versio

84 1847 213 1922 Anglica
244 1847 465 1908 Protestantica.
516 1847 573 1906 Sed
600 1847 730 1918 omnium
762 1846 943 1922 scriptorum,
977 1842 1039 1902 sive

85 1951 222 2008 veterum
236 1947 297 2006 sive
309 1947 480 2020 recentium,
496 1947 557 2007 sive
572 1947 787 2007 catholicorum
798 1947 858 2006 sive
872 1947 1039 2005 Protestan-

84 2049 222 2121 ticorum,
237 2048 294 2122 hic,
309 2049 388 2126 quod
401 2048 498 2122 sciam,
520 2049 593 2108 aclas
608 2049 716 2128 estqui
737 2048 880 2109 connectit
893 2067 960 2108 oum
972 2065 1038 2106 ver·

86 2149 181 2208 siculo
197 2151 250 2208 13:
276 2168 315 2208 ex
335 2169 392 2226 quo
412 2169 472 2208 non
491 2149 557 2208 leve
570 2169 587 2208 a
599 2150 689 2226 priori
703 2149 822 2226 exurgit
836 2150 1038 2224 argumentum

85 2252 189 2308 contra
202 2250 287 2307 istam
300 2249 576 2325 interpretationem.
608 2250 662 2311 20.
682 2249 722 2308 In
743 2251 876 2308 omnibus
890 2248 955 2307 aliis
967 2246 1039 2306 locis

87 2349 182 2427 hujus
193 2350 340 2427 Epistola,
356 2349 415 2409 imo
429 2355 459 2410 et
471 2355 629 2411 ceterarum
641 2351 841 2428 Epistularum
855 2352 885 2410 S.
902 2348 988 2408 Pauli
1010 2352 1039 2406 et

87 2448 181 2510 totius
194 2451 233 2512 N.
248 2450 433 2522 Testamenti,
445 2451 621 2529 ubicumque
630 2451 780 2512 invenitur
789 2453 843 2510 hoc
854 2449 1037 2520 vocabulum,

77 2551 217 2630 justifico,
233 2570 345 2628 semper
357 2549 501 2628 significat
510 2551 791 2629 justificationemin
800 2551 941 2622 hacvita;
962 2567 1039 2607 nun-

87 2669 186 2728 quam,
201 2669 239 2710 ne
252 2651 340 2711 semel
359 2651 487 2729 quidem,
509 2651 663 2711 adhibetur
676 2651 713 2710 ad
727 2649 946 2728 significandam
957 2647 1040 2706 illam

52 2809 55 2816 ,
89 2749 316 2810 declarationem
328 2749 361 2810 in
374 2749 422 2810 die
432 2750 538 2829 judicii
552 2751 721 2812 faciendam.

133 2855 181 2912 46.
206 2852 307 2930 Objcct.
321 2858 350 2929 2,
364 2856 464 2912 contra
476 2873 587 2930 argum.
601 2873 631 2914 n.
647 2855 685 2916 37
696 2853 809 2932 (contra
819 2871 930 2928 argum.
945 2869 974 2909 n.
991 2853 1038 2920 36,

89 2954 206 3014 nullam
218 2955 313 3032 reperi
326 2954 517 3033 objectionem
538 2957 615 3035 apud
633 2961 763 3016 auctores
785 2953 1038 3033 Protestanticos).

90 3057 161 3116 Non
173 3055 305 3132 loquitur
324 3055 352 3115 S.
375 3057 395 3115 J
397 3057 501 3116 acobus
524 3057 559 3116 dc
575 3053 791 3134 justificatione
806 3075 871 3134 quoe
891 3055 926 3116 fit
945 3055 977 3116 in
991 3077 1038 3117 re·
1074 3083 1077 3087 ·

90 3157 230 3217 missione
251 3162 434 3237 peccatorum
458 3158 681 3237 (justificatione
703 3159 821 3237 prima),
844 3160 895 3219 sed
914 3161 1038 3220 decom-

90 3258 260 3335 probatione
274 3259 398 3337 quadam
411 3259 535 3319 hominis
544 3257 607 3336 jam
619 3257 773 3337 justificati
794 3259 828 3338 (“
837 3261 887 3319 the
901 3261 1040 3338 approval

91 3359 126 3418 of
136 3377 153 3418 a
166 3359 425 3422 faithfulservant
447 3361 481 3420 of
497 3360 562 3420 God
584 3361 616 3421 in
630 3382 647 3422 a
661 3363 718 3440 day
739 3361 772 3421 of
790 3359 910 3437 trial'’).
950 3361 1038 3436 Idem,

90 3457 163 3519 ibid.

135 3560 182 3620 47.
204 3560 290 3637 neap.
311 3560 485 3639 Distinguo:
507 3563 537 3624 N
538 3583 575 3623 on
587 3561 717 3640 loquitur
726 3561 884 3639 Apostolus
898 3562 929 3621 in
943 3559 1041 3620 incisis

93 3661 215 3738 prolatis
224 3665 254 3722 et
263 3664 393 3723 textibus
401 3662 537 3723 indicatis
551 3665 586 3724 de
596 3663 691 3742 prima
700 3661 908 3741 justificatione
922 3681 929 3722 :
943 3663 973 3723 N
974 3681 1040 3736 ego:

94 3761 162 3823 Nou
175 3761 306 3840 loquitur
318 3764 350 3823 in
364 3763 430 3824 aliis
442 3764 571 3826 textibus
580 3765 615 3825 de
623 3764 679 3825 ista
688 3763 894 3842 justificatione
906 3784 913 3824 ε
938 3764 1043 3822 Trans-
