2402 4292
43 401 156 460 ,msa
174 382 264 470 vim]
316 375 495 450 Concordia
513 380 639 448 Gratia
654 385 686 446 at
698 373 887 447 Libertatis.
965 394 1024 466 ²9¹

51 548 176 622 activo,
193 570 210 610 a
223 551 448 612 circumstantiis
462 549 605 626 congruis,
617 567 686 626 quas.
696 549 728 606 in
741 567 911 608 consensum
924 549 1027 610 volun·

50 649 139 708 tatis
151 649 289 723 influunt,
305 656 336 710 et
348 671 365 710 a
378 652 498 710 scientia
510 651 573 722 Dei,
588 653 729 727 tanquam
743 669 760 706 a
773 647 917 726 principio
932 649 1023 708 direc-

54 747 142 807 tivo.
185 749 286 809 Gratia
305 754 403 810 autern
423 751 491 810 talis
511 754 562 821 est,
579 753 613 808 ut
626 769 664 808 ex
683 748 840 808 intrinseca
853 767 905 808 sna
919 748 1027 808 virtute

58 848 243 908 nullatenus
271 849 396 908 liberum
439 849 593 908 arbitrium
622 847 795 908 necessitet:
825 867 893 908 cum
926 849 1027 909 eadem

60 947 170 1022 gratia
191 949 222 1006 in
245 947 310 1007 aliis
333 949 557 1008 circumstantiis
570 948 703 1007 inefficax
715 951 854 1008 maneret.
896 947 1027 1008 Circum-

62 1049 190 1108 stantiae
204 1069 288 1127 porro
301 1050 334 1108 in
349 1070 520 1110 consensum
533 1049 659 1108 hominis
672 1048 807 1126 equidem
820 1047 959 1124 influunt,
977 1049 1027 1108 sed

63 1148 168 1208 eidem
184 1149 384 1210 necessitatem
408 1170 467 1209 non
486 1149 620 1209 inferunt
639 1168 646 1208 :
667 1168 735 1206 num
758 1147 846 1206 etiarn
866 1145 1028 1224 negotiator

64 1248 134 1327 qui,
151 1251 189 1309 ad
202 1250 371 1310 evitandum
396 1253 591 1328 naufragium,
616 1269 726 1310 merces
746 1249 779 1310 in
800 1269 878 1310 mare
899 1249 1026 1330 projicit,

80 1354 162 1410 uxta
175 1371 281 1426 omnes,
299 1351 420 1412 liberam
434 1352 576 1412 actionem
589 1351 682 1430 ponit.

115 1454 186 1511 124.
202 1450 260 1529 (3.)
285 1458 304 1486 “
313 1451 475 1511 Discrimen
489 1452 566 1512 inter
585 1449 709 1528 gratiam
722 1449 865 1512 efficacem
879 1452 909 1510 et
922 1449 1027 1511 suffiei-

67 1553 172 1614 entem
186 1549 218 1609 in
231 1551 286 1612 hcc
307 1557 464 1628 systemate
484 1571 543 1610 non
562 1551 673 1629 petitur
686 1570 704 1610 a
716 1550 776 1609 solo
798 1569 938 1610 consensu
959 1551 1026 1611 dato

67 1650 122 1708 vel
135 1653 250 1726 negato,
274 1651 325 1710 sed
348 1651 405 1710 iste
426 1671 580 1711 consensus
600 1651 764 1728 dependens
787 1650 927 1712 statuitur
940 1670 958 1710 a
971 1651 1025 1712 cir·

69 1750 259 1810 cumstantiis
278 1751 413 1827 congruis
426 1751 475 1810 vel
487 1752 664 1827 incongruis.
706 1750 779 1808 Cum
798 1754 897 1810 autern
916 1751 972 1811 Dei
986 1751 1026 1812 sit

69 1849 306 1908 circumstantias
320 1849 462 1923 ordinare,
479 1857 509 1910 et
521 1850 644 1925 gratiam
658 1869 739 1908 snam
752 1849 782 1907 in
800 1848 1024 1910 circumstantiis

70 1949 217 2025 congruis,
232 1949 419 2027 potiusquam
440 1949 615 2026 incongruis,
639 1950 778 2023 conferre,
795 1969 965 2010 consensum
978 1951 1024 2028 ip-

70 2069 139 2107 sum
153 2053 183 2108 et
197 2054 295 2108 actum
309 2050 464 2109 salutarem
484 2049 643 2126 operationi
664 2049 772 2109 divinae
792 2054 821 2109 et
841 2049 959 2127 speciali
969 2050 1026 2110 Dei

70 2149 221 2222 beneficio,
237 2150 316 2226 quod
329 2149 440 2209 nemini
461 2151 590 2222 debetur,
612 2149 772 2208 adscribere
786 2153 909 2226 oportet.
951 2151 1026 2210 Inde

67 2249 135 2326 jam
149 2249 253 2307 clarius
267 2253 387 2326 apparet
401 2249 543 2326 quomodo
557 2250 641 2307 homo
655 2269 714 2307 non
730 2248 857 2326 seipsum
871 2249 1023 2322 discernat,

72 2348 124 2407 sed
138 2367 155 2406 a
168 2348 229 2407 Deo
243 2348 440 2408 discernatur:
462 2348 532 2426 quia
545 2348 639 2424 gratia
652 2349 751 2407 efficax
759 2351 811 2419 est,
822 2347 847 2406 si
859 2347 892 2406 in
902 2349 1025 2408 circum-

73 2447 189 2506 stantiis
203 2449 336 2524 congruis
349 2449 512 2519 confertum
533 2448 666 2506 inefficax
676 2451 772 2505 autem
787 2466 838 2504 seu
851 2466 928 2506 mere
946 2448 1024 2507 suffi-

73 2548 266 2621 ciensmanet,
279 2549 304 2608 si
314 2548 579 2628 inJcircumstantiis
592 2547 689 2605 minus
703 2546 836 2622 congruis
847 2546 1022 2605 conceditur.

72 2649 165 2708 Juxta
177 2649 231 2708 hoc
245 2653 372 2727 systema
393 2670 460 2726 ergo
482 2647 576 2725 gratia
596 2649 698 2708 efficax
711 2668 729 2706 a
742 2647 899 2707 sufficiente
918 2645 1023 2706 distin-

74 2747 173 2824 guitur
194 2769 252 2808 non
274 2750 367 2809 solum
390 2750 423 2808 ia
445 2759 508 2809 actu
531 2749 655 2820 secando,
671 2748 722 2807 sed
738 2747 798 2824 jam
814 2747 901 2807 etiam
915 2746 946 2806 in
960 2753 1024 2807 actu

68 2848 194 2924 pr·im0.”
463 2833 466 2838 ⁵

117 2951 180 3007 125.
203 2948 335 3025 Systema
347 2948 410 3022 hoc,
428 2949 503 3007 sicut
516 2951 545 3007 et
559 2951 662 3017 cetera,
678 2967 730 3006 sua
742 2947 831 3006 habet
844 2947 1024 3007 incommoda

75 3046 103 3104 ei
116 3047 150 3104 ab
165 3047 385 3108 adversantibus
396 3047 538 3123 theologis
552 3048 673 3124 objecta.
717 3047 783 3121 Sed,
798 3047 836 3105 iis
849 3048 1022 3124 praetermis·

75 3147 121 3219 sis,
144 3147 221 3224 quod
244 3167 340 3224 supra,
356 3167 383 3206 n.
400 3148 447 3220 87,
463 3148 497 3206 de
518 3152 672 3224 systemate
693 3147 909 3222 Augustiniano
923 3149 1021 3207 dicen·

75 3247 143 3304 dum
169 3247 277 3316 censui,
305 3253 335 3307 et
361 3248 397 3306 de
423 3249 477 3306 huc
505 3253 661 3324 systemate
685 3267 736 3306 suo
756 3248 839 3305 modo
869 3247 1022 3306 dicendum

75 3346 199 3418 arbitror,
224 3367 336 3424 nempe,
362 3347 469 3406 vitium
490 3347 552 3424 ejus
573 3347 734 3405 maximum
748 3351 777 3405 et
790 3345 950 3404 insanabile
971 3346 1022 3422 (ne

76 3447 170 3519 dicam,
188 3449 217 3505 et
231 3446 364 3521 unicum)
385 3447 417 3504 in
431 3466 464 3504 eo
479 3467 538 3506 esse
559 3448 636 3523 quod
657 3445 865 3522 congruitatem
884 3443 971 3503 istam
986 3445 1022 3503 ad

75 3565 170 3604 omnem
191 3547 315 3622 gratiam
337 3547 480 3606 efficacem
503 3546 610 3621 exigat,
636 3545 679 3606 ita
700 3550 735 3603 ut
760 3544 839 3603 natta
862 3545 900 3602 sit
927 3545 1022 3620 gratia

77 3645 170 3706 efficax
184 3644 241 3706 nisi
263 3647 294 3704 in
317 3645 544 3706 circumstantiis
566 3645 631 3706 istis
655 3643 790 3722 congruis
812 3643 906 3718 detur,
921 3647 951 3705 et
965 3662 1021 3704 om·
