2410 4318
161 407 223 472 216
538 405 596 468 Dc
612 403 746 467 Graca.
952 405 1058 488 [nisu.
1073 427 1137 470 vm

160 569 282 632 mathei
314 567 452 630 eximium
485 589 550 629 enm
582 589 683 628 cunm
715 575 749 627 et
775 570 928 628 :uxilium
948 572 1138 646 dguitimut,

160 690 228 750 quse
251 688 436 750 nequaquem
457 671 490 730 in
512 690 593 729 mero
615 673 739 728 exram
757 670 877 728 auxilio
896 672 1051 730 contineri
1067 692 1140 749 pos-

163 773 242 830 sunt.

203 871 250 932 71.
270 868 348 928 Noto
360 869 468 940 temen,
483 867 540 926 etsi
553 867 703 927 auxilium
710 868 864 927 internum
874 867 909 926 id
922 869 964 927 sit
971 889 1034 946 quo
1043 889 1141 947 prox-

162 966 220 1028 lrnc
234 971 264 1028 et
276 966 477 1046 principaliter
489 966 525 1026 fit
537 987 611 1043 opus
624 968 761 1036 salutare,
775 987 835 1026 non
848 967 972 1027 excludi
985 970 1142 1028 mulium

165 1071 328 1140 cxtcrnum,
343 1067 403 1126 imo
416 1067 592 1143 regulariter
599 1073 631 1126 et
638 1068 784 1127 ordinarie
797 1069 924 1127 includi.
963 1070 1142 1129 Externum

164 1166 240 1229 illud
253 1165 399 1228 auxilium
422 1186 490 1227 cnm
510 1167 627 1226 interno
649 1168 842 1245 conjunctum
855 1168 949 1226 efficit
960 1169 1052 1245 qussi
1065 1170 1143 1246 qnid

166 1285 260 1328 unum
275 1265 400 1328 morale:
423 1271 463 1340 et,
479 1265 535 1326 etsi
545 1266 578 1325 in
591 1285 622 1325 se
635 1269 666 1325 et
674 1266 772 1343 quoad
785 1267 985 1326 substantiam
997 1269 1142 1327 namnle

166 1373 219 1444 cst,
240 1369 308 1448 jure
328 1370 427 1428 vocari
449 1373 547 1446 potest
568 1373 599 1426 et
623 1368 711 1426 debet
723 1368 829 1443 gretie
869 1367 943 1426 Non
961 1367 1048 1426 euim
1068 1387 1142 1427 cusu

167 1467 265 1548 aliquo
279 1469 331 1528 eut
344 1486 382 1526 ex
403 1487 482 1526 mere
505 1466 652 1526 industrie
673 1467 804 1524 humens
825 1467 862 1525 tit
883 1471 921 1524 ut
941 1467 1017 1526 huie
1031 1473 1140 1526 etnon

168 1569 213 1632 illl
226 1568 381 1650 objiciatur
403 1573 558 1628 externum
576 1568 723 1627 auxilium
735 1589 766 1627 r.
776 1588 806 1645 g.
820 1569 1004 1644 pradicatio,
1025 1570 1139 1627 bouum

168 1669 344 1750 exemplum,
359 1669 452 1728 bonus
464 1669 549 1741 liber,
575 1671 625 1728 &c
650 1669 759 1726 sodex
779 1668 969 1744 providentie
992 1688 1139 1745 supernu-

168 1768 256 1834 tereti
280 1767 346 1840 Dei,
370 1767 412 1828 ito
434 1768 565 1828 suaviter
588 1772 620 1827 ot
640 1767 755 1826 occulte
778 1768 983 1844 disponentis:
1007 1773 1055 1827 est
1068 1788 1139 1842 ergo

169 1870 276 1932 donum
295 1865 351 1928 Dei
365 1867 528 1942 gratuitum
542 1867 644 1926 datum
659 1866 693 1925 in
706 1866 807 1926 ordine
821 1867 859 1925 sd
879 1867 1020 1926 alutem.
1063 1867 1137 1925 vid.

171 1969 293 2042 Socors,
308 1965 380 2026 ibid.
396 1985 426 2026 n.
443 1971 471 2040 5,
489 1971 516 2027 6.

211 2071 258 2134 72.
290 2067 428 2146 obsceno
470 2067 653 2134 “Quomodo
677 2067 829 2126 descendit
848 2065 946 2126 imber
968 2071 1000 2126 et
1022 2066 1079 2126 nix
1102 2066 1138 2126 (le

170 2169 250 2244 curlo,
279 2167 304 2228 it
324 2167 395 2228 illuc
418 2167 497 2227 ultre
519 2186 577 2225 non
601 2166 768 2238 revertitur,
795 2167 847 2226 sed
869 2166 1003 2226 inebriet
1027 2171 1137 2226 terrum

176 2313 182 2332 .
201 2313 208 2332 .
233 2312 239 2328 .
261 2312 268 2330 .
290 2267 331 2328 sic
345 2267 401 2328 erit
413 2267 536 2326 verbum
547 2286 654 2338 mcum,
671 2267 751 2343 quod
760 2266 928 2342 egredietur
937 2266 975 2325 de
989 2285 1041 2324 ore
1050 2285 1135 2325 meo:

171 2388 229 2432 non
263 2369 426 2428 revertetur
448 2365 486 2424 ed
518 2384 565 2423 me
587 2383 714 2422 vacnum
744 2365 795 2424 sed
822 2363 912 2423 faciet
940 2383 1137 2442 quoecumque

173 2467 281 2532 volui.”
303 2465 371 2528 Issi.
386 2466 427 2526 lv.
445 2469 490 2538 10,
509 2468 555 2534 11,
597 2465 731 2523 Verbum
741 2465 875 2523 illudest
889 2465 985 2540 gretie
997 2465 1132 2525 interne:

174 2569 223 2631 sed
246 2567 367 2630 verbum
387 2564 464 2626 illud
481 2582 633 2640 nunquam
657 2568 738 2624 caret
758 2564 863 2623 effectu
885 2563 1003 2623 intento
1023 2584 1042 2623 e
1055 2564 1135 2634 De03

175 2688 243 2748 orgo
254 2667 348 2746 gretie
360 2683 513 2744 nunquam
526 2667 607 2724 caret
615 2663 722 2723 effectu
734 2663 867 2734 intento;
890 2683 959 2740 ergo
972 2683 1035 2723 non
1049 2665 1136 2724 detur

177 2768 272 2850 grstia
285 2765 373 2826 simul
383 2783 450 2826 vore
463 2767 493 2824 ot
506 2781 584 2822 mere
598 2763 751 2822 sufficiens

217 2869 263 2932 78.
284 2865 371 2942 Itcsp.
388 2863 426 2924 1⁰.
446 2863 529 2938 Nego
547 2863 696 2940 mojorem.
737 2861 838 2936 Longe
862 2861 1043 2938 probabilior
1063 2862 1135 2922 siout

178 2970 209 3030 ct
222 2963 399 3026 communior
420 2961 566 3022 sententie
579 2963 704 3022 affirmet
717 2961 760 3021 ibi
770 2960 930 3038 significari
941 2961 1096 3022 decretum
1107 2964 1135 3020 et

178 3063 396 3148 promissionem
409 3061 466 3121 Dei
480 3061 515 3120 de
529 3081 616 3137 regno
631 3061 747 3121 Messioe
759 3061 923 3126 statuendo.
968 3061 1135 3120 Secundum

179 3187 278 3232 omnes
294 3165 477 3242 interpretes,
494 3165 590 3222 totum
604 3166 810 3239 argumentum
829 3159 934 3239 cepitis
947 3162 1135 3238 precedentis

179 3273 245 3346 liv..
266 3265 340 3330 sicui
354 3271 383 3328 et
396 3268 493 3327 totum
514 3265 561 3324 vel
583 3265 644 3324 fere
667 3267 765 3325 totum
787 3263 879 3342 hujus
900 3262 1016 3339 cepitis,
1038 3267 1083 3322 est
1101 3263 1134 3321 do

180 3395 270 3456 regno
291 3372 350 3433 illo.
390 3369 433 3431 Ut
453 3371 551 3428 eutem
570 3372 654 3428 notat
674 3367 828 3439 Pmoun,
843 3385 874 3426 n.
889 3368 958 3437 340,
980 3365 1134 3424 adversarii
1201 3361 1202 3370 ’

183 3473 352 3558 permiscere
371 3469 471 3540 solent,
487 3487 552 3547 quoe
575 3468 674 3528 sedulo
692 3465 897 3544 distinguenda
915 3467 996 3537 sunt,
1022 3484 1131 3542 nempe,

184 3575 338 3640 efficaciam
355 3570 517 3633 voluntatis
538 3570 596 3630 Dei
617 3567 731 3647 aliquid
750 3567 882 3628 obsolute
902 3566 1085 3626 decernentis
1107 3569 1134 3625 et

188 3677 342 3741 efficacium
367 3673 480 3752 gretiae.
530 3672 570 3732 2⁰.
599 3670 758 3748 Distinguo
789 3669 947 3728 minorem:
978 3667 1133 3746 Nunquam
