2410 4318
137 396 200 478 256
494 387 550 458 De
568 385 697 458 Gratia.
899 387 1002 478 [orer.
1019 409 1095 460 viu.

135 561 248 623 nutriat
260 560 318 620 nisi
332 560 523 620 manduoetur
536 564 566 620 11
576 559 739 637 trajiciatur
752 557 783 617 in
798 559 998 618 stomachum:
1021 559 1097 620 siout

66 661 69 668 '
136 663 230 741 passio
250 661 359 723 Christi
379 661 486 721 dieitur
507 661 649 720 suffloiens
663 661 700 719 ad
720 660 853 734 salutem,
868 660 940 719 lieet
952 665 989 720 ut
1003 661 1096 721 salvet

137 767 204 822 aotn
216 763 319 824 debeat
333 761 409 821 ultra
421 760 579 838 applioari:
601 763 631 820 11
644 759 780 820 similiter
797 760 833 820 de
846 758 984 838 pluribus
998 759 1098 820 aliis.”
1184 755 1185 772 ¹

138 863 208 939 Peg.
225 866 293 920 216.

180 961 227 1022 57.
249 961 333 1042 Raep.
348 962 375 1022 1.
399 959 472 1039 (rid.
486 958 571 1032 infra,
588 980 617 1020 n.
634 961 695 1038 64).
738 959 820 1026 Quod
837 979 933 1037 supra,
950 979 982 1020 n.
999 963 1047 1032 51,
1061 959 1096 1020 de

139 1061 196 1122 alia
210 1061 398 1122 distinetione
418 1059 481 1119 dixi
501 1070 531 1119 et
544 1061 580 1120 de
592 1061 646 1120 hae
659 1059 846 1119 distinetione
867 1079 944 1136 oegre
965 1063 1096 1137 repetere

114 1161 247 1237 -adigor
287 1161 324 1220 Id
344 1159 422 1220 eninr
448 1159 577 1234 definite,
600 1159 632 1218 in
657 1179 716 1237 quo
743 1159 945 1219 contendimus
970 1159 1094 1236 gratim

96 1341 98 1345 Ι
138 1259 326 1331 sufficientem
341 1258 547 1319 Thomistioum
567 1277 625 1318 non
639 1278 699 1318 esse
712 1277 779 1318 vere
792 1257 992 1331 sufficientem,
1009 1259 1097 1318 estin

138 1360 249 1419 ratione
271 1359 422 1437 potentiae,
438 1378 487 1418 seu
502 1359 600 1435 potius
622 1359 654 1417 in
677 1358 788 1418 ratione
810 1358 917 1418 auxilii
939 1379 1000 1437 quo
1015 1360 1100 1418 datur

139 1460 277 1538 potentia.
319 1458 458 1536 Exempli
471 1459 582 1536 gratia3
606 1479 651 1519 me
664 1459 713 1519 hio
726 1465 756 1519 et
769 1480 848 1520 nuno
869 1461 990 1538 impetit
1002 1459 1099 1537 gravis

140 1560 271 1620 tentatio.
305 1561 400 1620 Datur
413 1560 487 1618 mihi
497 1561 590 1636 gratia
600 1560 743 1620 sufficiens
753 1561 790 1618 ad
800 1560 941 1618 orandum
951 1560 1098 1620 auxilinm

138 1660 272 1720 divinum
293 1666 329 1720 nt
342 1660 532 1720 tentationem
545 1660 741 1738 comprimam.
781 1660 840 1720 Vel
861 1659 914 1719 illa
936 1660 1035 1736 gratia
1057 1665 1099 1721 est

139 1762 261 1839 physioe
274 1761 536 1840 praedeterminana
548 1762 596 1821 vel
609 1781 677 1821 nou.
712 1760 746 1820 Si
758 1761 886 1838 primum
900 1760 992 1834 dieas,
1006 1761 1099 1838 gratia

140 1880 199 1920 non
212 1866 257 1922 est
269 1882 347 1922 mere
367 1861 510 1922 sufficiens
530 1863 579 1922 sed
599 1862 709 1934 efficax,
725 1866 755 1920 11
768 1880 835 1920 oum
855 1880 890 1920 ea
909 1880 970 1921 non
983 1880 1098 1938 possum

139 1981 198 2021 non
211 1983 307 2035 orere;
328 1963 352 2022 si
365 1964 532 2039 secundum,
549 1963 644 2040 gratia
657 1966 702 2024 est
715 1982 793 2023 mere
814 1962 969 2038 sufficiens,
987 1967 1019 2023 et
1032 1981 1096 2023 oum

142 2081 177 2121 ea
189 2081 248 2121 non
261 2082 378 2140 possum
393 2083 481 2124 orare.

182 2165 233 2222 58:
255 2163 343 2239 Urpet
361 2164 444 2224 Brun.
466 2163 640 2241 respondens
662 2163 699 2223 ad
720 2160 921 2241 questionem,
947 2161 1097 2229 Quomodo

138 2261 206 2340 jure
229 2263 360 2323 damnari
382 2269 478 2342 potest
498 2265 559 2341 qui,
582 2284 641 2323 non
662 2265 772 2324 habens
798 2263 923 2340 gratiam
946 2264 1097 2337 efficacem,

142 2368 321 2442 praeoeptum
341 2363 455 2424 violat?
497 2364 659 2424 “Habenti
679 2363 822 2422 auxilium
844 2362 991 2423 sufficiens
1014 2364 1099 2423 dene·

144 2470 229 2540 gutur
255 2466 357 2525 efficax
380 2468 498 2542 propter
518 2465 634 2541 eulpam
661 2463 899 2524 concomitantem
923 2467 954 2523 et
974 2481 1100 2540 presens

142 2562 383 2640 impedimentum
397 2565 473 2642 quod
487 2563 621 2642 apponit;
645 2567 788 2641 quatenus
802 2563 922 2636 scilieet,
938 2582 1006 2622 oum
1022 2565 1099 2623 Deus

143 2662 183 2720 sit
195 2669 323 2739 paratus,
344 2669 487 2741 quantum
509 2664 539 2722 in
565 2683 595 2722 se
608 2669 662 2734 est,
677 2663 745 2722 dare
768 2662 902 2722 omnibus
924 2662 1049 2738 gratim
1072 2665 1100 2721 et

144 2763 333 2822 sufficientem
354 2769 384 2822 11
398 2764 548 2835 efficacem,
564 2768 594 2822 et
607 2763 701 2838 gratia
720 2763 864 2822 sufficiens
878 2782 917 2822 ex
930 2767 1037 2822 natura
1049 2781 1100 2821 sua

144 2865 174 2920 et
187 2863 339 2922 voluntate
352 2863 409 2922 Dei
422 2863 609 2923 antecedente
629 2862 779 2922 ordinetur
795 2863 832 2921 ad
846 2862 999 2935 effioaoem,
1015 2863 1099 2921 homo

142 2966 220 3024 mala
241 2967 391 3027 voluntate
412 2967 502 3028 libere
521 2987 710 3046 prommpens
732 2968 766 3028 in
784 2973 882 3029 aetum
901 2967 1099 3027 inordinatum

142 3065 252 3125 resistit
265 3066 366 3142 gratiae
380 3067 543 3142 sufficienti,
554 3069 633 3128 sistit
645 3069 708 3146 ejus
719 3088 845 3141 cursum,
858 3071 888 3128 et
897 3067 980 3145 ponit
989 3068 1099 3127 obicem

143 3165 245 3240 gratite
260 3166 376 3239 effioaoi,
391 3169 524 3245 ponendo
537 3172 632 3228 aetum
648 3167 910 3246 incompossibilem
923 3187 991 3227 oum
1005 3167 1099 3226 111111

144 3281 209 3322 oum
224 3269 290 3325 aotu
305 3267 344 3325 ed
357 3286 444 3344 quem
457 3272 585 3327 moveret
599 3267 624 3326 si
637 3267 778 3328 adesset.''
819 3268 889 3343 Pag-
904 3271 973 3325 218.

183 3367 232 3422 59.
255 3367 339 3441 Raep.
360 3367 446 3426 Hane
469 3366 682 3443 responsionem
703 3371 733 3426 11
754 3365 916 3444 simplicem
939 3369 970 3425 11
992 3366 1097 3424 claram

142 3467 227 3522 vocat
240 3470 349 3539 auotor,
365 3466 460 3542 qualis
472 3465 546 3524 mihi
559 3465 663 3543 utique
676 3485 735 3526 non
749 3470 802 3527 est.
837 3465 989 3532 Quantum
1000 3484 1098 3542 capere

142 3577 269 3636 possum,
298 3564 378 3624 Dens
404 3568 524 3642 paratus
558 3570 602 3625 est
628 3565 751 3642 gratiam
782 3563 924 3625 effioaoem
955 3565 1096 3636 omnibus,

145 3665 267 3735 urgente
279 3669 433 3741 proeoepto,
448 3664 574 3742 elargiri.
615 3667 648 3726 Si
661 3665 750 3726 alicui
761 3684 820 3726 non
833 3664 1000 3743 elargiatur,
1016 3682 1096 3726 eausa
1122 3742 1126 3748 Ι
