2410 4314
155 370 191 434 vi
536 367 709 453 Prasatz'o.

157 536 381 619 expediantur,
404 535 619 599 necessarium
641 535 737 619 plane
761 541 809 600 est
831 543 869 600 ut
891 537 960 601 haec
984 539 1110 622 placita

155 669 228 751 plus
253 669 361 732 minus
391 674 603 752 exponantur.
649 666 693 732 In
714 671 778 732 ista
804 671 983 733 secretione
1007 670 1111 732 confi-

153 798 278 876 cienda,
300 801 327 861 si
353 800 432 884 quid
456 799 657 882 profecerim,
682 799 728 876 id,
754 801 898 863 maxima
923 799 1040 863 saltem
1069 821 1110 863 ex
1191 871 1192 894 χ

154 930 257 1008 parte,
272 926 361 1008 operi
377 925 416 988 R.
427 925 463 988 P.
477 925 627 1002 Perrone,
642 945 746 1010 nuper
760 947 801 990 ex
815 926 874 989 hac
884 928 965 1003 vita,
980 925 1110 989 dierum

152 1057 187 1115 et
202 1052 393 1116 meritorum
407 1051 508 1136 pleni,
524 1072 543 1114 a
557 1049 625 1114 Deo
641 1054 777 1130 evocati,
799 1058 970 1137 acceptum
985 1052 1108 1117 refero:

157 1184 215 1247 ille
229 1185 329 1261 enim,
344 1185 380 1246 in
394 1184 455 1246 hac
469 1183 606 1246 materia
620 1183 761 1248 feliciter
777 1185 955 1263 enodanda,
971 1185 1111 1268 scripto-

155 1316 246 1379 ribus
261 1336 340 1398 quos
355 1316 424 1378 vidi
440 1315 707 1379 antecedentibus
723 1317 819 1400 longe
834 1320 977 1400 praestat.

199 1440 304 1508 Causa
318 1443 429 1508 altera.
464 1442 695 1510 Exsententiis
711 1464 807 1527 supra
820 1444 1006 1508 memoratis
1021 1442 1110 1506 haud
1191 1459 1192 1476 ,

154 1594 266 1659 pauoae
281 1578 369 1652 sunt,
391 1595 476 1659 ques,
498 1574 559 1637 etsi
575 1594 639 1638 non
658 1573 813 1653 definitae,
834 1572 1016 1658 probabiles
1031 1579 1111 1636 sunt

154 1705 213 1764 aut
234 1701 340 1766 multo
359 1701 591 1784 probabiliores
613 1706 671 1766 aut
693 1701 794 1764 etiam
818 1700 983 1764 moraliter
998 1705 1110 1777 oertae,
1191 1711 1192 1714 ’

154 1848 228 1912 quoe
242 1847 307 1890 non
322 1827 426 1890 solum
441 1827 482 1891 ad
496 1827 678 1892 doctrinam
689 1826 859 1892 definitam
873 1825 1110 1910 explicandam,
1191 1849 1192 1852 ¹

154 1954 395 2034 illustrandam,
410 1954 645 2038 'complendam
666 1956 861 2032 inserviunt,
885 1955 939 2018 sed
956 1954 1058 2018 ctiam
1071 1955 1109 2017 in

154 2109 188 2152 se
203 2088 338 2170 cognitu
354 2087 512 2171 jucundae
534 2093 568 2151 et
589 2087 688 2152 utiles
711 2094 795 2177 sunt.
842 2087 927 2163 Quot
945 2091 1021 2150 sunt
1036 2106 1109 2152 sen·

154 2218 270 2282 tentioe
294 2216 331 2280 in
360 2215 525 2300 theologia
551 2217 835 2300 speculativa—ut
860 2215 910 2278 nil
937 2215 1045 2278 dicam
1067 2215 1107 2278 de

153 2343 269 2408 morali
287 2349 321 2408 et
336 2345 605 2429 asceticae-quse,
621 2345 683 2408 etsi
699 2343 884 2407 nullomodo
906 2342 947 2406 ab
962 2341 1107 2406 Ecclesia
1190 2349 1191 2352 ’

153 2469 310 2548 definitas,
331 2470 494 2536 fructuose
508 2470 732 2547 addiscuntur,
751 2475 860 2534 mente
876 2470 1050 2534 volvuntur
1072 2474 1107 2530 et

153 2599 362 2664 recoluntur?

197 2731 441 2811 Verumtamen,
465 2732 620 2814 quoniam
643 2735 718 2794 sunt
741 2731 798 2812 qui
823 2731 952 2792 nonnisi
977 2725 1105 2792 brevius

152 2858 351 2922 curriculum
366 2858 586 2942 theologicum
601 2857 764 2921 absolvere
778 2861 924 2939 possunt,
941 2855 975 2918 in
991 2855 1105 2916 horum

152 3005 249 3051 usum
286 2986 503 3070 paragraphos
547 2987 702 3071 quosdam
743 2990 802 3047 aut
831 2982 1105 3068 paragraphorum

150 3117 271 3197 partes,
296 3133 369 3199 quoe
391 3113 602 3197 praetermitti
628 3116 774 3195 possunt,
804 3109 962 3173 asteriscis
985 3110 1104 3172 notavi.

149 3241 280 3305 Horum
305 3243 471 3326 signorum
501 3261 674 3306 numerum
704 3238 792 3304 docti
815 3236 1021 3313 Professores,
1047 3256 1105 3320 pro

150 3389 208 3433 suo
230 3370 366 3453 quisque
386 3369 514 3453 judicio
537 3375 571 3433 et
592 3373 632 3434 ut
654 3389 703 3432 res
723 3365 877 3450 postulet,
896 3364 947 3426 vel
964 3369 1105 3449 augeant

152 3495 201 3559 vel
217 3496 408 3562 deminuunt
424 3497 475 3562 vel
490 3498 561 3580 ipsa
576 3498 669 3580 signa
683 3495 748 3558 alio
763 3489 967 3555 transferant.
