2410 4318
159 427 222 494 252
529 399 586 468 De
603 395 739 468 Gratztz.
950 379 1139 484 '[1›1s1³.uu.

158 597 225 638 oum
240 577 309 637 uotu
326 574 379 634 sut
391 591 458 634 oum
477 569 691 648 praerequisitis
703 571 823 627 natura
840 571 979 628 tantum
996 565 1036 624 ad
1056 569 1143 630 sotum,

158 697 217 738 non
228 677 498 750 setum‚suteotum
508 671 688 754 oppositum:
705 673 741 728 ut
752 671 780 727 si
791 671 898 742 dicas,
915 678 925 704 ‘
940 669 1058 728 sedens
1066 671 1145 742 potes:

159 775 256 850 stere,'
280 774 427 854 signifieat
448 773 480 832 in
502 791 588 830 sensu
611 769 773 848 composito
805 771 903 847 qnod
928 767 1038 848 possit
1062 767 1145 824 sedere
1182 798 1183 852 p

160 877 300 938 simulet
324 881 409 950 sture,
433 894 485 934 seu
508 892 679 950 componere
703 872 878 932 sessionem
910 893 992 932 oum
1023 868 1145 930 statione.

161 977 268 1038 Sensus
282 975 393 1036 divisus
406 973 512 1034 dividit
529 977 627 1032 aetum
646 991 705 1030 non
720 992 738 1030 s
752 972 904 1046 potentia
920 975 965 1032 ad
981 990 1049 1030 non
1062 976 1147 1028 setun

162 1097 213 1138 seu
227 1081 323 1136 uotum
343 1074 517 1154 oppositum,
538 1075 587 1133 sed
602 1093 619 1131 a
632 1092 692 1132 non
711 1077 781 1132 actu
796 1078 931 1133 tantum
954 1093 1018 1134 sen
1039 1070 1146 1146 sib-'astu
1183 1132 1184 1162 1

163 1177 313 1256 opposito:
335 1179 370 1234 ut
394 1175 419 1234 si
440 1173 529 1248 dieas,
554 1174 671 1232 ‘sedens
689 1178 789 1258 potest
811 1173 925 1246 stare‚’
948 1169 1144 1250 significatis
1183 1169 1184 1194 l

163 1297 249 1338 sensu
269 1275 363 1336 diviso
377 1275 456 1352 quod
476 1274 575 1334 sedens
595 1274 649 1332 sub
672 1273 799 1332 sessione
816 1274 958 1333 retineat
981 1273 1144 1352 potentiam

164 1377 270 1452 standi,
293 1396 352 1436 non
366 1381 462 1436 tomen
477 1374 666 1452 componendi
685 1374 776 1432 simul
800 1376 972 1434 stationem
999 1394 1075 1434 oum
1095 1393 1143 1430 ses·

164 1477 253 1539 sione.
296 1477 361 1537 Uno
375 1478 471 1547 verbo,
493 1496 593 1536 sensus
611 1475 790 1552 compositus
808 1477 961 1552 importat
976 1476 1143 1554 potentiam
1184 1466 1185 1560 l

165 1578 332 1652 simultatis,
355 1598 455 1674 sensus
469 1577 579 1637 divisus
593 1578 773 1638 simultatem
786 1579 945 1654 potentiae.

206 1679 254 1738 47.
289 1673 419 1734 “Aliter
446 1672 584 1732 calvinus
609 1671 759 1731 intellexit
793 1673 870 1730 huno
898 1673 1140 1734 distinctionem.

166 1773 335 1837 Secundum
359 1774 443 1832 illum
466 1791 566 1832 sensus
586 1772 762 1849 compositus
783 1772 938 1848 componit
952 1779 1065 1833 aetum
1080 1791 1139 1831 oum
1185 1798 1186 1882 p

166 1875 352 1954 potentiosi
373 1893 430 1934 non
452 1879 558 1946 aetum,
581 1879 611 1932 et
629 1874 678 1932 hie
699 1877 744 1932 est
764 1892 866 1932 sensus
887 1879 997 1934 noster
1013 1876 1136 1934 divisus.
1185 1893 1186 1944 j

167 1977 275 2036 Sensus
295 1979 393 2034 sutem
414 1973 478 2052 ejus
501 1972 612 2032 divisus
633 1972 741 2032 dividit
762 1975 798 2032 ab
820 1977 890 2031 actu
912 1973 1136 2050 potentiamad
1185 1959 1186 1966 ἵ

167 2095 226 2136 non
239 2078 346 2148 uotum,
367 2074 410 2134 ita
430 2079 464 2134 ut
474 2074 564 2152 juxte
583 2075 668 2134 illum
682 2079 840 2152 praemotus
854 2074 892 2132 sd
906 2077 1065 2150 agendum
1079 2094 1134 2134 non

166 2175 257 2255 possit
270 2195 329 2237 non
342 2196 425 2253 egere
439 2175 471 2234 in
486 2196 573 2236 sensu
587 2177 754 2253 composito,
776 2177 875 2249 idest,
893 2182 994 2236 stante
1009 2198 1133 2255 prtemo·

168 2277 247 2338 tione
269 2297 325 2338 non
348 2278 437 2338 hebet
458 2277 619 2354 potentiam
640 2297 699 2337 non
722 2277 844 2355 agendi3
866 2279 963 2354 possit
987 2281 1022 2337 iu
1048 2298 1133 2338 sensu

169 2377 271 2450 diviso,
294 2377 326 2436 id
346 2382 398 2450 est,
429 2378 543 2436 sublata
563 2378 750 2456 praemotione
771 2379 860 2438 habet
882 2379 1053 2455 potentium
1075 2398 1131 2437 nou

168 2477 293 2555 agendi:
317 2477 401 2548 siout,
425 2477 573 2553 inquiunt,
596 2477 713 2537 vinetus
733 2479 843 2536 eatenis
856 2480 1024 2539 nonhabet
1037 2483 1128 2556 potes·

169 2587 260 2642 totem
287 2583 423 2641 currendi
446 2583 478 2643 in
502 2603 588 2642 seusu
616 2582 782 2659 composito,
809 2581 837 2640 id
861 2587 915 2654 est,
940 2586 1127 2645 manentibus

169 2683 296 2743 vineolis
312 2708 320 2754 3
341 2685 429 2744 hebet
443 2685 603 2762 potentiam
614 2685 749 2744 currendi
763 2684 795 2742 in
808 2703 895 2743 seusu
905 2685 1012 2759 diviso,
1030 2688 1063 2746 id
1076 2693 1124 2758 est,

171 2779 293 2839 sublatis
308 2780 443 2839 vinculis.
483 2781 574 2840 Hune
594 2801 710 2840 sensum
731 2779 911 2854 haeretioum,
936 2802 1029 2859 quem
1051 2785 1144 2842 dom-¹

171 2895 274 2935 numus
293 2879 322 2934 et
337 2895 517 2950 execramur,
533 2895 592 2934 non
606 2878 784 2935 erubueruut
802 2876 961 2954 aliquando
975 2881 1064 2940 nobis
1077 2881 1125 2940 im·

170 2991 275 3048 ponere
290 2973 410 3051 quidum
425 2975 686 3035 adversariorum.”
707 2995 709 3000 ’

212 3079 260 3136 48.
283 3075 340 3137 sed
361 3077 407 3136 his
431 3083 516 3138 untes
532 3081 605 3138 bene
625 3079 814 3156 respondebat
835 3080 975 3139 Ausonis
1002 3084 1126 3161 (scripsit

172 3179 239 3243 oiro.
253 3201 299 3242 sn.
316 3181 350 3242 17
355 3185 401 3254 40,
415 3182 496 3243 Bitu
511 3184 576 3243 oiro.
591 3203 638 3245 sn.
652 3185 750 3262 1750),
767 3186 802 3243 de
816 3184 924 3257 Gratia,
940 3171 962 3244 1'.
978 3207 1005 3247 o.
1022 3189 1038 3268 ς
1054 3195 1124 3250 2:-

174 3281 249 3342 “Ut
263 3281 411 3343 distinctio
425 3301 524 3343 sensus
538 3284 689 3360 compositi
702 3291 732 3343 et
746 3283 832 3343 divisi
845 3285 936 3344 salvet
949 3286 1121 3364 libertatem,

173 3399 275 3441 sensus
289 3381 399 3442 divisus
422 3384 508 3442 debet
521 3403 581 3442 esse
606 3384 638 3442 in
661 3388 803 3461 potestate
817 3385 984 3457 voluntatis,
1000 3389 1057 3449 hoo
1078 3397 1123 3461 est,

173 3481 308 3543 voluntas
332 3485 417 3544 debet
431 3505 511 3562 posse
530 3486 631 3544 tollere
648 3485 689 3558 id,
704 3485 734 3544 in
759 3487 842 3563 eujus
859 3506 949 3565 ,sensu
972 3494 1123 3568 composito

174 3583 298 3642 alterum
308 3588 471 3662 oppositum
481 3604 537 3645 non
549 3589 652 3663 potest.
673 3630 681 3647 .
702 3630 710 3648 .
731 3632 739 3647 .
761 3588 1122 3669 Sedsensusdivisusprae·

174 3681 421 3746 determinationis
429 3687 557 3766 physicos
566 3707 624 3748 non
632 3692 677 3750 est
685 3688 716 3750 in
724 3695 867 3768 potestate
877 3690 1051 3754 voluntatis:
1062 3713 1121 3754 non
