2424 4300
178 424 236 487 152
563 405 619 469 De
638 405 766 470 Gratia.
983 405 1083 489 [mss.
1095 423 1121 468 r.

172 572 224 632 bat
237 571 349 631 anxilio
363 571 490 649 speciali.
532 571 565 630 Si
580 591 632 629 nos
656 571 717 629 sine
737 570 791 628 illo
812 571 927 628 auxilio
944 590 1123 646 perseverare

173 693 231 732 non
253 692 414 750 possumus,
438 694 505 750 ergo
522 673 655 732 Christus
677 672 776 730 minus
799 671 885 730 uobis
905 672 1023 748 profuit
1044 693 1124 748 quam

172 772 273 832 nocuit
285 774 377 833 Adam
393 793 399 832 :
421 775 498 850 qnod
512 777 557 833 est
567 777 666 832 contra
675 771 834 830 doctrinam
847 772 994 848 Apostoli,
1006 773 1091 830 Rom.
1100 791 1125 826 r.

173 873 211 930 20
224 877 294 930 :—“
305 873 365 932 Ubi
391 877 488 931 autem
517 870 677 931 abundarit
703 871 853 940 delictum,
877 870 1127 947 superabundavit

172 971 297 1048 grstia.”

213 1074 260 1128 82.
282 1070 367 1147 Reap.
385 1071 426 1129 10.
451 1069 608 1146 Distinguo
634 1069 758 1146 primam
781 1067 1031 1146 propositionem:
1065 1071 1126 1126 Nou

171 1168 320 1246 indigebat
333 1171 432 1231 eodem
446 1170 556 1230 auxilio
571 1169 687 1246 speciali
701 1188 759 1245 qua
773 1188 825 1227 nos
838 1167 1026 1245 indigemus:
1058 1169 1127 1227 Cou-

171 1269 259 1330 cedo:
285 1270 374 1330 Nullo
388 1271 559 1347 indigebat:
587 1270 686 1345 Nega:
717 1269 823 1345 Supra,
839 1287 868 1326 n.
881 1274 929 1341 65,
942 1272 995 1328 &e
1023 1269 1069 1328 20.
1084 1267 1125 1326 Ad

170 1369 393 1448 propositionem
417 1370 592 1429 secundam:
628 1374 648 1401 “
662 1369 727 1426 Non
743 1387 780 1426 ex
804 1387 863 1425 uno
887 1368 993 1444 capite,
1019 1368 1072 1426 sed
1094 1387 1126 1424 ex

170 1468 303 1546 pluribus
324 1469 456 1529 Christus
478 1468 570 1546 magis
589 1469 674 1528 nobis
695 1466 816 1546 profuit,
841 1487 930 1544 qnam
951 1469 1056 1526 Adam
1079 1487 1125 1524 no-

170 1569 278 1642 ouerit3
298 1589 403 1647 nempe
420 1570 460 1639 10,
476 1569 547 1646 quia
559 1568 685 1646 positive
697 1565 827 1643 indignis
840 1568 949 1644 gratim
963 1565 1126 1646 promeruit

171 1669 278 1746 quibus
290 1690 348 1730 nou
362 1671 398 1730 ab
411 1689 466 1728 uno
479 1673 604 1740 tantum,
616 1669 667 1728 sed
677 1670 713 1727 ab
725 1667 887 1726 innumeris
900 1688 991 1748 prope
1000 1665 1124 1745 peccatis

169 1769 358 1830 liberaremur
365 1790 374 1841 ;
397 1769 438 1841 20,
459 1769 528 1847 quia
549 1771 657 1844 gratiss
678 1769 763 1845 longe
785 1751 933 1828 uberiores
955 1770 1045 1828 nobis
1062 1786 1123 1844 pro

169 1871 284 1944 meruit,
300 1871 408 1948 quibus
421 1871 511 1943 fisus
524 1891 581 1929 111
596 1871 688 1928 solum
698 1869 838 1945 possimus
846 1889 1035 1945 perseuerare,
1049 1866 1123 1946 quod

171 1970 245 2030 Adae
263 1970 426 2047 praestitum
448 1970 507 2029 tuit
526 1971 575 2029 sed
597 1974 666 2028 actu
680 1969 780 2046 plures
796 1968 892 2045 reipsa
902 1972 1082 2044 perseverent
1093 1967 1120 2023 in

170 2074 285 2147 aooeptu
295 2070 412 2148 justitia
433 2069 478 2149 [S.
493 2072 628 2141 Tironis,
648 2074 672 2128 1.
690 2075 715 2128 2.
730 2089 759 2146 q.
779 2075 844 2142 109,
860 2090 887 2130 a.
905 2074 941 2128 10
956 2071 993 2127 ad
1009 2069 1063 2150 3];
1080 2067 1118 2136 30,

170 2170 239 2248 quia
261 2177 366 2248 praeter
387 2174 511 2248 gratiam
534 2169 747 2242 illustrationis,
770 2191 829 2247 qua
849 2171 910 2229 sola
931 2193 969 2229 ex
993 2170 1118 2248 plurium

170 2273 313 2332 sententia
326 2275 362 2332 ob
376 2277 488 2332 naturae
501 2273 698 2349 integritatem
711 2273 861 2348 indigebat
874 2273 978 2344 Adam,
995 2269 1120 2333 obtinuit

169 2373 252 2434 nobis
275 2373 397 2451 gretiam
419 2374 616 2451 inspirationis
638 2393 671 2432 ao
694 2374 813 2445 roboris,
837 2393 897 2451 qua
914 2393 948 2432 ea
968 2374 1119 2433 firleiretur

169 2476 322 2536 infirmitas
335 2475 496 2536 voluntatis
517 2477 661 2546 humanae,
681 2495 771 2551 quam
788 2474 966 2534 incurrimus
983 2475 1021 2546 pb
1035 2472 1117 2548 origi·

168 2575 276 2634 uariam
293 2574 439 2654 eulpam.”
465 2576 743 2646 Ρ111ο11,1,210.

210 2681 256 2736 83.
283 2677 384 2754 Objm.
399 2679 426 2733 4.
445 2675 663 2733 Perseverantia
676 2674 789 2749 passive
798 2673 901 2732 saltem
911 2671 1014 2732 haberi
1028 2671 1118 2750 potest

169 2775 230 2835 sine
243 2777 317 2835 dono
331 2775 458 2852 speciali.
501 2775 597 2832 Homo
611 2775 698 2844 enim,
720 2777 784 2851 post
799 2779 945 2852 acceptam
959 2775 1114 2851 justitium,

168 2898 232 2937 eam
250 2877 430 2954 aliquandiu,
452 2877 514 2936 sine
535 2876 653 2954 speciali
677 2877 797 2946 auxilio,
822 2896 991 2936 conservare
1016 2877 1115 2952 potest.

170 2978 201 3038 si
214 2977 324 3037 interea
337 2996 405 3036 casu
419 2977 528 3053 aliquo,
543 2997 572 3036 v.
588 2998 616 3053 g.
636 2976 724 3054 aquis.
733 2978 907 3050 submersus,
923 2977 1113 3040 interimatur,

168 3075 410 3155 perseverantium
428 3076 516 3135 habet
536 3077 688 3153 passivum,
710 3077 829 3136 sednon
845 3096 883 3136 ex
897 3075 1017 3153 spetiali
1031 3077 1114 3135 douo:

169 3192 244 3232 mors
263 3171 339 3232 enirn
361 3171 389 3231 ei
410 3174 481 3230 tuno
504 3173 624 3231 obvenit
642 3193 680 3231 ex
702 3193 788 3232 eausa
810 3173 937 3232 naturali
959 3177 990 3232 st
1009 3192 1069 3232 non
1082 3188 1114 3230 ex

168 3271 266 3350 aliqua
280 3255 397 3349 speeieli
410 3269 601 3364 providentia.

209 3378 256 3434 84.
277 3374 362 3450 Reap.
390 3369 565 3449 Distinguo:
594 3373 811 3432 Perseverantie
824 3373 855 3431 in
870 3392 937 3432 casn
950 3392 1008 3432 non
1024 3377 1068 3432 est
1080 3389 1113 3431 ex

167 3473 285 3551 speciali
299 3475 381 3547 dono,
397 3493 427 3533 re
441 3473 523 3536 ooulo
540 3473 634 3531 earnis
648 3476 793 3549 spectata:
823 3475 914 3532 Esto:
939 3472 1032 3533 Oonlo
1050 3472 1113 3530 fidei

166 3569 313 3646 inspecta:
337 3569 428 3646 Nego.
463 3569 547 3636 Quod
558 3569 634 3628 enim
643 3569 732 3640 Deus,
743 3569 906 3646 praevidens
921 3571 946 3645 ej
952 3589 986 3627 as
996 3575 1112 3627 mortem

165 3674 283 3750 repente
296 3691 333 3732 ex
346 3670 496 3748 inopinato
509 3669 565 3730 isto
585 3674 730 3730 momento
744 3674 927 3743 eventurum,
948 3690 1014 3730 eum
1029 3669 1112 3747 paulo
