<?xml version="1.0" encoding="UTF-8"?>
<!DOCTYPE html PUBLIC "-//W3C//DTD XHTML 1.0 Transitional//EN"
    "http://www.w3.org/TR/xhtml1/DTD/xhtml1-transitional.dtd">
<html xmlns="http://www.w3.org/1999/xhtml" xml:lang="en" lang="en">
 <head>
  <title>
</title>
<meta http-equiv="Content-Type" content="text/html;charset=utf-8" />
  <meta name='ocr-system' content='tesseract 3.04.00' />
  <meta name='ocr-capabilities' content='ocr_page ocr_carea ocr_par ocr_line ocrx_word'/>
</head>
<body>
  <div class='ocr_page' id='page_1' title='image "./tractatusdegrat00murrgoog_0394.png"; bbox 0 0 2408 4304; ppageno 0'>
   <div class='ocr_carea' id='block_1_1' title="bbox 28 385 992 478">
    <p class='ocr_par' dir='ltr' id='par_1_1' title="bbox 28 385 992 478">
     <span class='ocr_line' id='line_1_1' title="bbox 28 385 992 478; baseline 0.009 -29"><span class='ocrx_word' id='word_1_1' title='bbox 28 405 125 450; x_wconf 83' lang='lat' dir='ltr'>nrsr.</span> <span class='ocrx_word' id='word_1_2' title='bbox 144 385 195 472; x_wconf 76' lang='lat' dir='ltr'>ic]</span> <span class='ocrx_word' id='word_1_3' title='bbox 263 386 319 451; x_wconf 80' lang='lat' dir='ltr'>De</span> <span class='ocrx_word' id='word_1_4' title='bbox 333 385 619 474; x_wconf 71' lang='lat' dir='ltr'>Delporz&#39;tionr&#39;bus</span> <span class='ocrx_word' id='word_1_5' title='bbox 632 388 679 452; x_wconf 82' lang='lat' dir='ltr'>ad</span> <span class='ocrx_word' id='word_1_6' title='bbox 692 387 840 478; x_wconf 73' lang='lat' dir='ltr'>Jrrrlzfic.</span> <span class='ocrx_word' id='word_1_7' title='bbox 930 410 992 474; x_wconf 84' lang='lat'>379</span> 
     </span>
    </p>
   </div>
   <div class='ocr_carea' id='block_1_2' title="bbox 24 552 1068 3642">
    <p class='ocr_par' dir='ltr' id='par_1_2' title="bbox 24 552 993 1135">
     <span class='ocr_line' id='line_1_2' title="bbox 27 552 991 632; baseline 0.007 -22"><span class='ocrx_word' id='word_1_8' title='bbox 27 553 182 630; x_wconf 86' lang='lat' dir='ltr'>alioquin,</span> <span class='ocrx_word' id='word_1_9' title='bbox 198 556 233 613; x_wconf 91' lang='lat' dir='ltr'>ut</span> <span class='ocrx_word' id='word_1_10' title='bbox 246 552 323 612; x_wconf 89' lang='lat' dir='ltr'>idem</span> <span class='ocrx_word' id='word_1_11' title='bbox 337 554 495 632; x_wconf 73' lang='lat' dir='ltr'>Apostolus</span> <span class='ocrx_word' id='word_1_12' title='bbox 509 553 616 632; x_wconf 90' lang='lat' dir='ltr'>inquit,</span> <span class='ocrx_word' id='word_1_13' title='bbox 632 555 725 630; x_wconf 84' lang='lat' dir='ltr'>gratia</span> <span class='ocrx_word' id='word_1_14' title='bbox 738 575 796 616; x_wconf 90' lang='lat' dir='ltr'>non</span> <span class='ocrx_word' id='word_1_15' title='bbox 811 559 855 616; x_wconf 88' lang='lat' dir='ltr'>est</span> <span class='ocrx_word' id='word_1_16' title='bbox 868 557 991 632; x_wconf 85' lang='lat' dir='ltr'>gratis.’&#39;</span> 
     </span>
     <span class='ocr_line' id='line_1_3' title="bbox 27 652 992 731; baseline 0.004 -19"><span class='ocrx_word' id='word_1_17' title='bbox 27 653 64 712; x_wconf 84' lang='lat' dir='ltr'>Si</span> <span class='ocrx_word' id='word_1_18' title='bbox 80 653 169 727; x_wconf 81' lang='lat' dir='ltr'>gravi</span> <span class='ocrx_word' id='word_1_19' title='bbox 182 652 293 731; x_wconf 89' lang='lat' dir='ltr'>injuria</span> <span class='ocrx_word' id='word_1_20' title='bbox 306 655 411 714; x_wconf 88' lang='lat' dir='ltr'>Petrus</span> <span class='ocrx_word' id='word_1_21' title='bbox 425 655 563 714; x_wconf 78' lang='lat' dir='ltr'>aloanne</span> <span class='ocrx_word' id='word_1_22' title='bbox 587 654 740 728; x_wconf 86' lang='lat' dir='ltr'>afficiatur,</span> <span class='ocrx_word' id='word_1_23' title='bbox 762 660 792 715; x_wconf 89' lang='lat' dir='ltr'>et</span> <span class='ocrx_word' id='word_1_24' title='bbox 811 656 830 716; x_wconf 90' lang='lat' dir='ltr'><strong>J</strong></span> <span class='ocrx_word' id='word_1_25' title='bbox 831 657 918 716; x_wconf 90' lang='lat' dir='ltr'>oanni</span> <span class='ocrx_word' id='word_1_26' title='bbox 931 657 992 716; x_wconf 91' lang='lat' dir='ltr'>oul-</span> 
     </span>
     <span class='ocr_line' id='line_1_4' title="bbox 24 753 992 834; baseline 0.005 -24"><span class='ocrx_word' id='word_1_27' title='bbox 24 772 103 828; x_wconf 88' lang='lat' dir='ltr'>pam</span> <span class='ocrx_word' id='word_1_28' title='bbox 118 753 270 827; x_wconf 80' lang='lat' dir='ltr'>condonet,</span> <span class='ocrx_word' id='word_1_29' title='bbox 283 774 316 814; x_wconf 88' lang='lat' dir='ltr'>ca</span> <span class='ocrx_word' id='word_1_30' title='bbox 330 759 447 814; x_wconf 82' lang='lat' dir='ltr'>tanturn</span> <span class='ocrx_word' id='word_1_31' title='bbox 461 753 592 831; x_wconf 81' lang='lat' dir='ltr'>apposita</span> <span class='ocrx_word' id='word_1_32' title='bbox 606 754 769 815; x_wconf 90' lang='lat' dir='ltr'>conditione</span> <span class='ocrx_word' id='word_1_33' title='bbox 782 760 817 816; x_wconf 91' lang='lat' dir='ltr'>ut</span> <span class='ocrx_word' id='word_1_34' title='bbox 830 755 879 815; x_wconf 92' lang='lat' dir='ltr'>hic</span> <span class='ocrx_word' id='word_1_35' title='bbox 891 776 992 834; x_wconf 87' lang='lat' dir='ltr'>quam·</span> 
     </span>
     <span class='ocr_line' id='line_1_5' title="bbox 26 853 992 932; baseline 0.006 -22"><span class='ocrx_word' id='word_1_36' title='bbox 26 853 102 911; x_wconf 88' lang='lat' dir='ltr'>dam</span> <span class='ocrx_word' id='word_1_37' title='bbox 116 872 260 912; x_wconf 87' lang='lat' dir='ltr'>summam</span> <span class='ocrx_word' id='word_1_38' title='bbox 272 855 403 931; x_wconf 88' lang='lat' dir='ltr'>pecuniae</span> <span class='ocrx_word' id='word_1_39' title='bbox 414 854 445 912; x_wconf 89' lang='lat' dir='ltr'>in</span> <span class='ocrx_word' id='word_1_40' title='bbox 456 855 666 932; x_wconf 81' lang='lat' dir='ltr'><strong>eleemosynam</strong></span> <span class='ocrx_word' id='word_1_41' title='bbox 680 855 829 932; x_wconf 84' lang='lat' dir='ltr'>largiatur,</span> <span class='ocrx_word' id='word_1_42' title='bbox 845 859 875 916; x_wconf 91' lang='lat' dir='ltr'>et</span> <span class='ocrx_word' id='word_1_43' title='bbox 889 857 992 916; x_wconf 90' lang='lat' dir='ltr'>Petrus</span> 
     </span>
     <span class='ocr_line' id='line_1_6' title="bbox 27 953 993 1030; baseline 0.004 -18"><span class='ocrx_word' id='word_1_44' title='bbox 27 953 60 1012; x_wconf 89' lang='lat' dir='ltr'>ei</span> <span class='ocrx_word' id='word_1_45' title='bbox 75 957 183 1030; x_wconf 61' lang='lat' dir='ltr'>,totam</span> <span class='ocrx_word' id='word_1_46' title='bbox 205 955 279 1015; x_wconf 90' lang='lat' dir='ltr'>hanc</span> <span class='ocrx_word' id='word_1_47' title='bbox 302 975 444 1015; x_wconf 84' lang='lat' dir='ltr'>summam</span> <span class='ocrx_word' id='word_1_48' title='bbox 470 955 606 1026; x_wconf 82' lang='lat' dir='ltr'>tribuat3</span> <span class='ocrx_word' id='word_1_49' title='bbox 637 975 733 1016; x_wconf 90' lang='lat' dir='ltr'>nonne</span> <span class='ocrx_word' id='word_1_50' title='bbox 755 976 823 1016; x_wconf 83' lang='lat' dir='ltr'>vere</span> <span class='ocrx_word' id='word_1_51' title='bbox 847 957 993 1018; x_wconf 78' lang='lat' dir='ltr'>diceretur</span> 
     </span>
     <span class='ocr_line' id='line_1_7' title="bbox 28 1055 742 1135; baseline 0.003 -21"><span class='ocrx_word' id='word_1_52' title='bbox 28 1056 156 1114; x_wconf 89' lang='lat' dir='ltr'>Petrum</span> <span class='ocrx_word' id='word_1_53' title='bbox 172 1057 261 1131; x_wconf 86' lang='lat' dir='ltr'>gratis</span> <span class='ocrx_word' id='word_1_54' title='bbox 269 1057 407 1135; x_wconf 83' lang='lat' dir='ltr'>injuriam</span> <span class='ocrx_word' id='word_1_55' title='bbox 420 1058 440 1116; x_wconf 85' lang='lat' dir='ltr'>J</span> <span class='ocrx_word' id='word_1_56' title='bbox 441 1057 528 1116; x_wconf 87' lang='lat' dir='ltr'>oanni</span> <span class='ocrx_word' id='word_1_57' title='bbox 542 1055 742 1116; x_wconf 80' lang='lat' dir='ltr'>condonasse?</span> 
     </span>
    </p>

    <p class='ocr_par' dir='ltr' id='par_1_3' title="bbox 27 1138 993 2627">
     <span class='ocr_line' id='line_1_8' title="bbox 74 1138 990 1235; baseline 0.003 -23"><span class='ocrx_word' id='word_1_58' title='bbox 74 1159 123 1214; x_wconf 85' lang='lat'>89.</span> <span class='ocrx_word' id='word_1_59' title='bbox 147 1156 191 1216; x_wconf 82' lang='lat'>2⁰.</span> <span class='ocrx_word' id='word_1_60' title='bbox 214 1158 376 1234; x_wconf 87' lang='lat' dir='ltr'>Retorqueo</span> <span class='ocrx_word' id='word_1_61' title='bbox 395 1157 595 1233; x_wconf 86' lang='lat' dir='ltr'>objectionem.</span> <span class='ocrx_word' id='word_1_62' title='bbox 638 1138 773 1215; x_wconf 84' lang='lat' dir='ltr'>Gratuita</span> <span class='ocrx_word' id='word_1_63' title='bbox 793 1176 849 1216; x_wconf 90' lang='lat' dir='ltr'>non</span> <span class='ocrx_word' id='word_1_64' title='bbox 871 1161 915 1217; x_wconf 90' lang='lat' dir='ltr'>est</span> <span class='ocrx_word' id='word_1_65' title='bbox 925 1158 990 1235; x_wconf 89' lang='lat' dir='ltr'>jus-</span> 
     </span>
     <span class='ocr_line' id='line_1_9' title="bbox 27 1254 990 1334; baseline 0.003 -20"><span class='ocrx_word' id='word_1_66' title='bbox 27 1254 167 1326; x_wconf 85' lang='lat' dir='ltr'>tificatio,</span> <span class='ocrx_word' id='word_1_67' title='bbox 194 1257 231 1315; x_wconf 86' lang='lat' dir='ltr'>sd</span> <span class='ocrx_word' id='word_1_68' title='bbox 253 1277 342 1334; x_wconf 83' lang='lat' dir='ltr'>quam</span> <span class='ocrx_word' id='word_1_69' title='bbox 363 1257 526 1316; x_wconf 86' lang='lat' dir='ltr'>hahendam</span> <span class='ocrx_word' id='word_1_70' title='bbox 548 1255 688 1331; x_wconf 81' lang='lat' dir='ltr'>exigitur,</span> <span class='ocrx_word' id='word_1_71' title='bbox 715 1260 751 1314; x_wconf 90' lang='lat' dir='ltr'>ut</span> <span class='ocrx_word' id='word_1_72' title='bbox 774 1255 923 1332; x_wconf 84' lang='lat' dir='ltr'>dispositio</span> <span class='ocrx_word' id='word_1_73' title='bbox 938 1277 990 1317; x_wconf 89' lang='lat' dir='ltr'>seu</span> 
     </span>
     <span class='ocr_line' id='line_1_10' title="bbox 30 1356 991 1437; baseline 0.002 -23"><span class='ocrx_word' id='word_1_74' title='bbox 30 1356 174 1430; x_wconf 89' lang='lat' dir='ltr'>conditio,</span> <span class='ocrx_word' id='word_1_75' title='bbox 189 1357 261 1417; x_wconf 89' lang='lat' dir='ltr'>fides</span> <span class='ocrx_word' id='word_1_76' title='bbox 275 1357 419 1437; x_wconf 86' lang='lat' dir='ltr'>(fiducia),</span> <span class='ocrx_word' id='word_1_77' title='bbox 445 1376 512 1434; x_wconf 89' lang='lat' dir='ltr'>quae</span> <span class='ocrx_word' id='word_1_78' title='bbox 536 1356 600 1434; x_wconf 90' lang='lat' dir='ltr'>ipsa</span> <span class='ocrx_word' id='word_1_79' title='bbox 620 1357 708 1433; x_wconf 86' lang='lat' dir='ltr'>plane</span> <span class='ocrx_word' id='word_1_80' title='bbox 728 1376 786 1415; x_wconf 91' lang='lat' dir='ltr'>non</span> <span class='ocrx_word' id='word_1_81' title='bbox 806 1359 905 1416; x_wconf 91' lang='lat' dir='ltr'>minus</span> <span class='ocrx_word' id='word_1_82' title='bbox 919 1377 991 1435; x_wconf 93' lang='lat' dir='ltr'>opus</span> 
     </span>
     <span class='ocr_line' id='line_1_11' title="bbox 31 1457 990 1535; baseline 0.002 -19"><span class='ocrx_word' id='word_1_83' title='bbox 31 1463 78 1516; x_wconf 88' lang='lat' dir='ltr'>est</span> <span class='ocrx_word' id='word_1_84' title='bbox 93 1477 193 1535; x_wconf 85' lang='lat' dir='ltr'>quam,</span> <span class='ocrx_word' id='word_1_85' title='bbox 209 1478 237 1519; x_wconf 88' lang='lat' dir='ltr'>v.</span> <span class='ocrx_word' id='word_1_86' title='bbox 253 1478 289 1534; x_wconf 83' lang='lat' dir='ltr'>g.,</span> <span class='ocrx_word' id='word_1_87' title='bbox 306 1479 379 1535; x_wconf 90' lang='lat' dir='ltr'>spes,</span> <span class='ocrx_word' id='word_1_88' title='bbox 405 1457 550 1530; x_wconf 87' lang='lat' dir='ltr'>contritio,</span> <span class='ocrx_word' id='word_1_89' title='bbox 573 1461 622 1518; x_wconf 83' lang='lat' dir='ltr'>&amp;c</span> <span class='ocrx_word' id='word_1_90' title='bbox 664 1458 775 1516; x_wconf 87' lang='lat' dir='ltr'>Mirum</span> <span class='ocrx_word' id='word_1_91' title='bbox 788 1462 833 1517; x_wconf 89' lang='lat' dir='ltr'>est</span> <span class='ocrx_word' id='word_1_92' title='bbox 846 1463 990 1535; x_wconf 86' lang='lat' dir='ltr'>quantum</span> 
     </span>
     <span class='ocr_line' id='line_1_12' title="bbox 30 1557 989 1636; baseline 0.002 -20"><span class='ocrx_word' id='word_1_93' title='bbox 30 1558 160 1617; x_wconf 90' lang='lat' dir='ltr'>desudat</span> <span class='ocrx_word' id='word_1_94' title='bbox 173 1559 208 1618; x_wconf 89' lang='lat' dir='ltr'>D.</span> <span class='ocrx_word' id='word_1_95' title='bbox 224 1558 359 1618; x_wconf 82' lang='lat' dir='ltr'>O’Brunu</span> <span class='ocrx_word' id='word_1_96' title='bbox 381 1559 443 1636; x_wconf 89' lang='lat' dir='ltr'>(pp.</span> <span class='ocrx_word' id='word_1_97' title='bbox 472 1562 578 1627; x_wconf 83' lang='grc'>146-9,</span> <span class='ocrx_word' id='word_1_98' title='bbox 601 1558 713 1634; x_wconf 86' lang='grc'>433-6)</span> <span class='ocrx_word' id='word_1_99' title='bbox 728 1561 764 1616; x_wconf 91' lang='lat' dir='ltr'>ut</span> <span class='ocrx_word' id='word_1_100' title='bbox 783 1557 851 1617; x_wconf 90' lang='lat' dir='ltr'>huic</span> <span class='ocrx_word' id='word_1_101' title='bbox 871 1578 989 1636; x_wconf 89' lang='lat' dir='ltr'>respon·</span> 
     </span>
     <span class='ocr_line' id='line_1_13' title="bbox 30 1657 991 1738; baseline 0.002 -22"><span class='ocrx_word' id='word_1_102' title='bbox 30 1657 110 1716; x_wconf 90' lang='lat' dir='ltr'>sioni</span> <span class='ocrx_word' id='word_1_103' title='bbox 132 1661 273 1718; x_wconf 89' lang='lat' dir='ltr'>occurrat.</span> <span class='ocrx_word' id='word_1_104' title='bbox 315 1661 438 1718; x_wconf 88' lang='lat' dir='ltr'>Summa</span> <span class='ocrx_word' id='word_1_105' title='bbox 465 1663 496 1716; x_wconf 90' lang='lat' dir='ltr'>et</span> <span class='ocrx_word' id='word_1_106' title='bbox 518 1658 648 1716; x_wconf 83' lang='lat' dir='ltr'>medulla</span> <span class='ocrx_word' id='word_1_107' title='bbox 671 1657 761 1716; x_wconf 88' lang='lat' dir='ltr'>totius</span> <span class='ocrx_word' id='word_1_108' title='bbox 783 1658 848 1738; x_wconf 87' lang='lat' dir='ltr'>ejus</span> <span class='ocrx_word' id='word_1_109' title='bbox 868 1659 991 1735; x_wconf 86' lang='lat' dir='ltr'>prolixae</span> 
     </span>
     <span class='ocr_line' id='line_1_14' title="bbox 30 1757 992 1836; baseline 0.002 -20"><span class='ocrx_word' id='word_1_110' title='bbox 30 1757 295 1833; x_wconf 78' lang='lat' dir='ltr'>argumentationis</span> <span class='ocrx_word' id='word_1_111' title='bbox 322 1758 353 1816; x_wconf 88' lang='lat' dir='ltr'>in</span> <span class='ocrx_word' id='word_1_112' title='bbox 373 1758 419 1816; x_wconf 91' lang='lat' dir='ltr'>his</span> <span class='ocrx_word' id='word_1_113' title='bbox 440 1759 605 1817; x_wconf 87' lang='lat' dir='ltr'>continetur</span> <span class='ocrx_word' id='word_1_114' title='bbox 628 1757 729 1835; x_wconf 87' lang='lat' dir='ltr'>paucis</span> <span class='ocrx_word' id='word_1_115' title='bbox 745 1757 851 1831; x_wconf 84' lang='lat' dir='ltr'>verbis,</span> <span class='ocrx_word' id='word_1_116' title='bbox 874 1777 940 1836; x_wconf 85' lang='lat' dir='ltr'>quae</span> <span class='ocrx_word' id='word_1_117' title='bbox 954 1777 992 1818; x_wconf 83' lang='lat' dir='ltr'>ex</span> 
     </span>
     <span class='ocr_line' id='line_1_15' title="bbox 31 1857 993 1934; baseline -0.001 -16"><span class='ocrx_word' id='word_1_118' title='bbox 31 1857 241 1918; x_wconf 86' lang='lat' dir='ltr'>Melanothone</span> <span class='ocrx_word' id='word_1_119' title='bbox 272 1858 523 1917; x_wconf 65' lang='lat' dir='ltr'>eitam-“Fides</span> <span class='ocrx_word' id='word_1_120' title='bbox 554 1863 598 1917; x_wconf 90' lang='lat' dir='ltr'>est</span> <span class='ocrx_word' id='word_1_121' title='bbox 624 1877 705 1934; x_wconf 89' lang='lat' dir='ltr'>opus,</span> <span class='ocrx_word' id='word_1_122' title='bbox 735 1859 785 1916; x_wconf 90' lang='lat' dir='ltr'>sed</span> <span class='ocrx_word' id='word_1_123' title='bbox 811 1877 870 1916; x_wconf 91' lang='lat' dir='ltr'>non</span> <span class='ocrx_word' id='word_1_124' title='bbox 893 1878 993 1917; x_wconf 89' lang='lat' dir='ltr'>sumus</span> 
     </span>
     <span class='ocr_line' id='line_1_16' title="bbox 27 1955 991 2037; baseline -0.002 -21"><span class='ocrx_word' id='word_1_125' title='bbox 27 1957 109 2036; x_wconf 83' lang='lat' dir='ltr'>justi</span> <span class='ocrx_word' id='word_1_126' title='bbox 130 1961 248 2033; x_wconf 84' lang='lat' dir='ltr'>propter</span> <span class='ocrx_word' id='word_1_127' title='bbox 274 1956 367 2034; x_wconf 88' lang='lat' dir='ltr'>ipsius</span> <span class='ocrx_word' id='word_1_128' title='bbox 393 1959 485 2033; x_wconf 67' lang='lat' dir='ltr'>operas</span> <span class='ocrx_word' id='word_1_129' title='bbox 516 1957 689 2035; x_wconf 63' lang='lat' dir='ltr'>differitatem,</span> <span class='ocrx_word' id='word_1_130' title='bbox 722 1957 773 2016; x_wconf 87' lang='lat' dir='ltr'>sod</span> <span class='ocrx_word' id='word_1_131' title='bbox 794 1958 863 2034; x_wconf 89' lang='lat' dir='ltr'>quia</span> <span class='ocrx_word' id='word_1_132' title='bbox 887 1955 991 2037; x_wconf 85' lang='lat' dir='ltr'>[fides]</span> 
     </span>
     <span class='ocr_line' id='line_1_17' title="bbox 34 2057 990 2136; baseline -0.001 -19"><span class='ocrx_word' id='word_1_133' title='bbox 34 2057 233 2135; x_wconf 82' lang='lat' dir='ltr'>apprehendit</span> <span class='ocrx_word' id='word_1_134' title='bbox 258 2058 484 2117; x_wconf 87' lang='lat' dir='ltr'>misericordiam</span> <span class='ocrx_word' id='word_1_135' title='bbox 510 2063 628 2135; x_wconf 89' lang='lat' dir='ltr'>propter</span> <span class='ocrx_word' id='word_1_136' title='bbox 660 2057 755 2116; x_wconf 90' lang='lat' dir='ltr'>filium</span> <span class='ocrx_word' id='word_1_137' title='bbox 789 2058 990 2136; x_wconf 87' lang='lat' dir='ltr'>promissam.”</span> 
     </span>
     <span class='ocr_line' id='line_1_18' title="bbox 35 2159 992 2238; baseline -0.001 -19"><span class='ocrx_word' id='word_1_138' title='bbox 35 2159 235 2220; x_wconf 80' lang='lat' dir='ltr'>Prostermisso</span> <span class='ocrx_word' id='word_1_139' title='bbox 249 2161 376 2218; x_wconf 89' lang='lat' dir='ltr'>secundo</span> <span class='ocrx_word' id='word_1_140' title='bbox 397 2160 488 2238; x_wconf 89' lang='lat' dir='ltr'>hujus</span> <span class='ocrx_word' id='word_1_141' title='bbox 506 2159 563 2219; x_wconf 91' lang='lat' dir='ltr'>loci</span> <span class='ocrx_word' id='word_1_142' title='bbox 576 2161 711 2232; x_wconf 88' lang='lat' dir='ltr'>membro,</span> <span class='ocrx_word' id='word_1_143' title='bbox 728 2160 806 2236; x_wconf 90' lang='lat' dir='ltr'>quod</span> <span class='ocrx_word' id='word_1_144' title='bbox 819 2160 946 2237; x_wconf 90' lang='lat' dir='ltr'>pertinet</span> <span class='ocrx_word' id='word_1_145' title='bbox 956 2160 992 2218; x_wconf 91' lang='lat' dir='ltr'>ad</span> 
     </span>
     <span class='ocr_line' id='line_1_19' title="bbox 34 2264 992 2342; baseline -0.001 -18"><span class='ocrx_word' id='word_1_146' title='bbox 34 2265 262 2342; x_wconf 87' lang='lat' dir='ltr'>propositionem</span> <span class='ocrx_word' id='word_1_147' title='bbox 282 2264 499 2324; x_wconf 86' lang='lat' dir='ltr'>antecedentem</span> <span class='ocrx_word' id='word_1_148' title='bbox 522 2265 633 2341; x_wconf 85' lang='lat' dir='ltr'>(supra,</span> <span class='ocrx_word' id='word_1_149' title='bbox 656 2283 685 2324; x_wconf 90' lang='lat' dir='ltr'>n.</span> <span class='ocrx_word' id='word_1_150' title='bbox 709 2269 737 2338; x_wconf 84' lang='lat'>2,</span> <span class='ocrx_word' id='word_1_151' title='bbox 766 2265 839 2342; x_wconf 73' lang='lat' dir='ltr'>bc),</span> <span class='ocrx_word' id='word_1_152' title='bbox 863 2265 941 2340; x_wconf 90' lang='lat' dir='ltr'>quod</span> <span class='ocrx_word' id='word_1_153' title='bbox 960 2265 992 2323; x_wconf 88' lang='lat' dir='ltr'>iu</span> 
     </span>
     <span class='ocr_line' id='line_1_20' title="bbox 35 2361 992 2441; baseline -0.001 -18"><span class='ocrx_word' id='word_1_154' title='bbox 35 2365 127 2441; x_wconf 89' lang='lat' dir='ltr'>priori</span> <span class='ocrx_word' id='word_1_155' title='bbox 143 2367 271 2425; x_wconf 90' lang='lat' dir='ltr'>membro</span> <span class='ocrx_word' id='word_1_156' title='bbox 294 2363 402 2424; x_wconf 88' lang='lat' dir='ltr'>dicitur</span> <span class='ocrx_word' id='word_1_157' title='bbox 416 2364 451 2422; x_wconf 90' lang='lat' dir='ltr'>de</span> <span class='ocrx_word' id='word_1_158' title='bbox 465 2382 551 2440; x_wconf 90' lang='lat' dir='ltr'>opere</span> <span class='ocrx_word' id='word_1_159' title='bbox 575 2362 645 2422; x_wconf 88' lang='lat' dir='ltr'>fidei</span> <span class='ocrx_word' id='word_1_160' title='bbox 658 2361 800 2439; x_wconf 87' lang='lat' dir='ltr'>idipsum</span> <span class='ocrx_word' id='word_1_161' title='bbox 814 2367 859 2422; x_wconf 91' lang='lat' dir='ltr'>est</span> <span class='ocrx_word' id='word_1_162' title='bbox 872 2363 992 2422; x_wconf 87' lang='lat' dir='ltr'>definite</span> 
     </span>
     <span class='ocr_line' id='line_1_21' title="bbox 37 2463 991 2543; baseline -0.002 -19"><span class='ocrx_word' id='word_1_163' title='bbox 37 2466 116 2543; x_wconf 90' lang='lat' dir='ltr'>quod</span> <span class='ocrx_word' id='word_1_164' title='bbox 143 2465 229 2526; x_wconf 74' lang='lat' dir='ltr'>(lonc.</span> <span class='ocrx_word' id='word_1_165' title='bbox 258 2465 338 2525; x_wconf 80' lang='lat' dir='ltr'>Trid.</span> <span class='ocrx_word' id='word_1_166' title='bbox 372 2465 495 2524; x_wconf 87' lang='lat' dir='ltr'>affirmat</span> <span class='ocrx_word' id='word_1_167' title='bbox 522 2465 558 2522; x_wconf 86' lang='lat' dir='ltr'>ds</span> <span class='ocrx_word' id='word_1_168' title='bbox 590 2463 695 2524; x_wconf 90' lang='lat' dir='ltr'>ceteris</span> <span class='ocrx_word' id='word_1_169' title='bbox 722 2463 866 2541; x_wconf 86' lang='lat' dir='ltr'>operibus,</span> <span class='ocrx_word' id='word_1_170' title='bbox 895 2483 991 2542; x_wconf 82' lang='lat' dir='ltr'>supra,</span> 
     </span>
     <span class='ocr_line' id='line_1_22' title="bbox 37 2565 184 2627; baseline -0.007 -1"><span class='ocrx_word' id='word_1_171' title='bbox 37 2565 184 2627; x_wconf 72' lang='grc'>1188111</span> 
     </span>
    </p>

    <p class='ocr_par' dir='ltr' id='par_1_4' title="bbox 39 2662 1068 3642">
     <span class='ocr_line' id='line_1_23' title="bbox 82 2662 994 2744; baseline -0.001 -19"><span class='ocrx_word' id='word_1_172' title='bbox 82 2670 129 2725; x_wconf 90' lang='grc'>90.</span> <span class='ocrx_word' id='word_1_173' title='bbox 156 2665 256 2744; x_wconf 60' lang='lat' dir='ltr'>Obstat.</span> <span class='ocrx_word' id='word_1_174' title='bbox 274 2668 299 2730; x_wconf 83' lang='lat'>7.</span> <span class='ocrx_word' id='word_1_175' title='bbox 323 2667 388 2726; x_wconf 78' lang='lat' dir='ltr'>“Et</span> <span class='ocrx_word' id='word_1_176' title='bbox 411 2684 470 2724; x_wconf 90' lang='lat' dir='ltr'>non</span> <span class='ocrx_word' id='word_1_177' title='bbox 494 2663 586 2743; x_wconf 90' lang='lat' dir='ltr'>(sicut</span> <span class='ocrx_word' id='word_1_178' title='bbox 607 2663 852 2741; x_wconf 86' lang='lat' dir='ltr'>blasphemamur,</span> <span class='ocrx_word' id='word_1_179' title='bbox 875 2665 905 2724; x_wconf 89' lang='lat' dir='ltr'>et</span> <span class='ocrx_word' id='word_1_180' title='bbox 918 2662 994 2724; x_wconf 88' lang='lat' dir='ltr'>siout</span> 
     </span>
     <span class='ocr_line' id='line_1_24' title="bbox 39 2761 1068 2844; baseline -0.002 -20"><span class='ocrx_word' id='word_1_181' title='bbox 39 2765 125 2825; x_wconf 84' lang='lat' dir='ltr'>siunt</span> <span class='ocrx_word' id='word_1_182' title='bbox 142 2765 260 2844; x_wconf 89' lang='lat' dir='ltr'>quidam</span> <span class='ocrx_word' id='word_1_183' title='bbox 273 2784 326 2824; x_wconf 91' lang='lat' dir='ltr'>nos</span> <span class='ocrx_word' id='word_1_184' title='bbox 339 2764 449 2840; x_wconf 88' lang='lat' dir='ltr'>dicare)</span> <span class='ocrx_word' id='word_1_185' title='bbox 465 2763 606 2824; x_wconf 83' lang='lat' dir='ltr'>faciamus</span> <span class='ocrx_word' id='word_1_186' title='bbox 619 2764 697 2824; x_wconf 87' lang='lat' dir='ltr'>mala</span> <span class='ocrx_word' id='word_1_187' title='bbox 708 2767 744 2822; x_wconf 94' lang='lat' dir='ltr'>ut</span> <span class='ocrx_word' id='word_1_188' title='bbox 756 2761 877 2822; x_wconf 84' lang='lat' dir='ltr'>veniant</span> <span class='ocrx_word' id='word_1_189' title='bbox 887 2762 992 2822; x_wconf 86' lang='lat' dir='ltr'>bona.&#39;&#39;</span> <span class='ocrx_word' id='word_1_190' title='bbox 1065 2795 1068 2802; x_wconf 66' lang='lat'>=</span> 
     </span>
     <span class='ocr_line' id='line_1_25' title="bbox 41 2862 994 2940; baseline -0.004 -14"><span class='ocrx_word' id='word_1_191' title='bbox 41 2868 127 2927; x_wconf 86' lang='lat' dir='ltr'>Rom.</span> <span class='ocrx_word' id='word_1_192' title='bbox 149 2865 241 2926; x_wconf 82' lang='grc'>1118.</span> <span class='ocrx_word' id='word_1_193' title='bbox 285 2871 304 2900; x_wconf 87' lang='lat'><strong>“</strong></span> <span class='ocrx_word' id='word_1_194' title='bbox 317 2865 396 2932; x_wconf 77' lang='lat' dir='ltr'>Quid</span> <span class='ocrx_word' id='word_1_195' title='bbox 419 2883 487 2940; x_wconf 83' lang='lat' dir='ltr'>ergo</span> <span class='ocrx_word' id='word_1_196' title='bbox 511 2863 663 2924; x_wconf 80' lang='lat' dir='ltr'>dicemus?</span> <span class='ocrx_word' id='word_1_197' title='bbox 702 2862 939 2924; x_wconf 89' lang='lat' dir='ltr'>Permanebimus</span> <span class='ocrx_word' id='word_1_198' title='bbox 961 2862 994 2922; x_wconf 91' lang='lat' dir='ltr'>in</span> 
     </span>
     <span class='ocr_line' id='line_1_26' title="bbox 41 2962 994 3043; baseline 0 -20"><span class='ocrx_word' id='word_1_199' title='bbox 41 2968 157 3043; x_wconf 88' lang='lat' dir='ltr'>peceato</span> <span class='ocrx_word' id='word_1_200' title='bbox 183 2968 219 3025; x_wconf 91' lang='lat' dir='ltr'>ut</span> <span class='ocrx_word' id='word_1_201' title='bbox 243 2964 336 3041; x_wconf 83' lang='lat' dir='ltr'>gratie</span> <span class='ocrx_word' id='word_1_202' title='bbox 362 2962 510 3024; x_wconf 80' lang='lat' dir='ltr'>abundet?</span> <span class='ocrx_word' id='word_1_203' title='bbox 560 2963 647 3022; x_wconf 85' lang='lat' dir='ltr'>Absit</span> <span class='ocrx_word' id='word_1_204' title='bbox 649 3008 780 3026; x_wconf 92' lang='grc'><strong>.....</strong></span> <span class='ocrx_word' id='word_1_205' title='bbox 802 2963 882 3030; x_wconf 79' lang='lat' dir='ltr'>Quid</span> <span class='ocrx_word' id='word_1_206' title='bbox 904 2962 994 3040; x_wconf 88' lang='lat' dir='ltr'>ergo?</span> 
     </span>
     <span class='ocr_line' id='line_1_27' title="bbox 43 3063 995 3140; baseline -0.001 -18"><span class='ocrx_word' id='word_1_207' title='bbox 43 3063 238 3136; x_wconf 90' lang='lat' dir='ltr'>Peccabimus,</span> <span class='ocrx_word' id='word_1_208' title='bbox 278 3063 416 3140; x_wconf 85' lang='lat' dir='ltr'>quonism</span> <span class='ocrx_word' id='word_1_209' title='bbox 448 3083 506 3122; x_wconf 88' lang='lat' dir='ltr'>non</span> <span class='ocrx_word' id='word_1_210' title='bbox 540 3082 641 3122; x_wconf 89' lang='lat' dir='ltr'>sumus</span> <span class='ocrx_word' id='word_1_211' title='bbox 676 3063 729 3122; x_wconf 91' lang='lat' dir='ltr'>sub</span> <span class='ocrx_word' id='word_1_212' title='bbox 760 3063 832 3138; x_wconf 85' lang='lat' dir='ltr'>lege,</span> <span class='ocrx_word' id='word_1_213' title='bbox 869 3064 918 3122; x_wconf 88' lang='lat' dir='ltr'>sed</span> <span class='ocrx_word' id='word_1_214' title='bbox 942 3063 995 3124; x_wconf 91' lang='lat' dir='ltr'>sub</span> 
     </span>
     <span class='ocr_line' id='line_1_28' title="bbox 42 3162 995 3242; baseline -0.002 -18"><span class='ocrx_word' id='word_1_215' title='bbox 42 3165 162 3242; x_wconf 79' lang='lat' dir='ltr'>gratia?</span> <span class='ocrx_word' id='word_1_216' title='bbox 211 3164 328 3224; x_wconf 80' lang='lat' dir='ltr'>Absit.&#39;’</span> <span class='ocrx_word' id='word_1_217' title='bbox 381 3164 458 3224; x_wconf 90' lang='lat' dir='ltr'>Ibid.</span> <span class='ocrx_word' id='word_1_218' title='bbox 480 3164 520 3225; x_wconf 89' lang='lat' dir='ltr'>vi.</span> <span class='ocrx_word' id='word_1_219' title='bbox 549 3169 574 3237; x_wconf 91' lang='lat' dir='ltr'>l,</span> <span class='ocrx_word' id='word_1_220' title='bbox 603 3168 649 3224; x_wconf 82' lang='lat'>15.</span> <span class='ocrx_word' id='word_1_221' title='bbox 702 3165 739 3224; x_wconf 92' lang='lat' dir='ltr'>In</span> <span class='ocrx_word' id='word_1_222' title='bbox 770 3163 816 3222; x_wconf 90' lang='lat' dir='ltr'>his</span> <span class='ocrx_word' id='word_1_223' title='bbox 836 3162 916 3235; x_wconf 86' lang='lat' dir='ltr'>locis,</span> <span class='ocrx_word' id='word_1_224' title='bbox 940 3163 995 3222; x_wconf 91' lang='lat' dir='ltr'>sub</span> 
     </span>
     <span class='ocr_line' id='line_1_29' title="bbox 42 3261 996 3345; baseline -0.004 -21"><span class='ocrx_word' id='word_1_225' title='bbox 42 3267 133 3324; x_wconf 82' lang='lat' dir='ltr'>forms</span> <span class='ocrx_word' id='word_1_226' title='bbox 154 3263 324 3345; x_wconf 87' lang='lat' dir='ltr'>objectionis</span> <span class='ocrx_word' id='word_1_227' title='bbox 348 3262 404 3322; x_wconf 88' lang='lat' dir='ltr'>sibi</span> <span class='ocrx_word' id='word_1_228' title='bbox 427 3283 444 3322; x_wconf 89' lang='lat' dir='ltr'>a</span> <span class='ocrx_word' id='word_1_229' title='bbox 468 3283 498 3322; x_wconf 91' lang='lat' dir='ltr'>se</span> <span class='ocrx_word' id='word_1_230' title='bbox 519 3263 684 3342; x_wconf 83' lang='lat' dir='ltr'>propositae,</span> <span class='ocrx_word' id='word_1_231' title='bbox 708 3263 820 3322; x_wconf 85' lang='lat' dir='ltr'>indicat</span> <span class='ocrx_word' id='word_1_232' title='bbox 839 3261 996 3339; x_wconf 83' lang='lat' dir='ltr'>Apostolus</span> 
     </span>
     <span class='ocr_line' id='line_1_30' title="bbox 41 3361 996 3441; baseline -0.004 -17"><span class='ocrx_word' id='word_1_233' title='bbox 41 3365 260 3436; x_wconf 88' lang='lat' dir='ltr'>conclusionem,</span> <span class='ocrx_word' id='word_1_234' title='bbox 275 3381 341 3440; x_wconf 88' lang='lat' dir='ltr'>quea</span> <span class='ocrx_word' id='word_1_235' title='bbox 362 3383 379 3421; x_wconf 92' lang='lat' dir='ltr'>a</span> <span class='ocrx_word' id='word_1_236' title='bbox 399 3382 453 3422; x_wconf 82' lang='lat' dir='ltr'>sue</span> <span class='ocrx_word' id='word_1_237' title='bbox 470 3363 603 3424; x_wconf 88' lang='lat' dir='ltr'>doctrina</span> <span class='ocrx_word' id='word_1_238' title='bbox 620 3363 656 3422; x_wconf 90' lang='lat' dir='ltr'>de</span> <span class='ocrx_word' id='word_1_239' title='bbox 672 3361 885 3441; x_wconf 86' lang='lat' dir='ltr'>justificatione</span> <span class='ocrx_word' id='word_1_240' title='bbox 908 3380 996 3438; x_wconf 84' lang='lat' dir='ltr'>prave</span> 
     </span>
     <span class='ocr_line' id='line_1_31' title="bbox 43 3461 998 3540; baseline -0.004 -18"><span class='ocrx_word' id='word_1_241' title='bbox 43 3463 143 3523; x_wconf 88' lang='lat' dir='ltr'>inferri</span> <span class='ocrx_word' id='word_1_242' title='bbox 164 3467 270 3540; x_wconf 87' lang='lat' dir='ltr'>posset,</span> <span class='ocrx_word' id='word_1_243' title='bbox 296 3474 326 3522; x_wconf 89' lang='lat' dir='ltr'>et</span> <span class='ocrx_word' id='word_1_244' title='bbox 345 3462 464 3539; x_wconf 90' lang='lat' dir='ltr'>quidem</span> <span class='ocrx_word' id='word_1_245' title='bbox 477 3482 495 3521; x_wconf 89' lang='lat' dir='ltr'>a</span> <span class='ocrx_word' id='word_1_246' title='bbox 508 3462 683 3539; x_wconf 90' lang='lat' dir='ltr'>quibusdam</span> <span class='ocrx_word' id='word_1_247' title='bbox 707 3463 743 3522; x_wconf 91' lang='lat' dir='ltr'>de</span> <span class='ocrx_word' id='word_1_248' title='bbox 763 3463 839 3520; x_wconf 82' lang='lat' dir='ltr'>facto</span> <span class='ocrx_word' id='word_1_249' title='bbox 859 3461 943 3520; x_wconf 87' lang='lat' dir='ltr'>illata</span> <span class='ocrx_word' id='word_1_250' title='bbox 954 3471 998 3528; x_wconf 73' lang='lat' dir='ltr'>est</span> 
     </span>
     <span class='ocr_line' id='line_1_32' title="bbox 48 3560 995 3642; baseline -0.003 -21"><span class='ocrx_word' id='word_1_251' title='bbox 48 3563 161 3642; x_wconf 87' lang='lat' dir='ltr'>(“sicut</span> <span class='ocrx_word' id='word_1_252' title='bbox 174 3563 259 3622; x_wconf 86' lang='lat' dir='ltr'>aiunt</span> <span class='ocrx_word' id='word_1_253' title='bbox 280 3562 399 3640; x_wconf 89' lang='lat' dir='ltr'>quidam</span> <span class='ocrx_word' id='word_1_254' title='bbox 425 3581 476 3620; x_wconf 88' lang='lat' dir='ltr'>nos</span> <span class='ocrx_word' id='word_1_255' title='bbox 500 3561 594 3622; x_wconf 88' lang='lat' dir='ltr'>dicere</span> <span class='ocrx_word' id='word_1_256' title='bbox 605 3561 648 3641; x_wconf 84' lang='lat'>&#39;&#39;)‚</span> <span class='ocrx_word' id='word_1_257' title='bbox 664 3581 778 3638; x_wconf 88' lang='lat' dir='ltr'>nempe,</span> <span class='ocrx_word' id='word_1_258' title='bbox 793 3565 910 3638; x_wconf 86' lang='lat' dir='ltr'>peccate</span> <span class='ocrx_word' id='word_1_259' title='bbox 924 3560 995 3619; x_wconf 90' lang='lat' dir='ltr'>fide-</span> 
     </span>
    </p>
   </div>
   <div class='ocr_carea' id='block_1_3' title="bbox 48 3660 994 3742">
    <p class='ocr_par' dir='ltr' id='par_1_5' title="bbox 48 3660 994 3742">
     <span class='ocr_line' id='line_1_33' title="bbox 48 3660 994 3742; baseline -0.003 -18"><span class='ocrx_word' id='word_1_260' title='bbox 48 3665 119 3724; x_wconf 90' lang='lat' dir='ltr'>lium</span> <span class='ocrx_word' id='word_1_261' title='bbox 131 3663 168 3723; x_wconf 90' lang='lat' dir='ltr'>iis</span> <span class='ocrx_word' id='word_1_262' title='bbox 181 3683 239 3724; x_wconf 88' lang='lat' dir='ltr'>non</span> <span class='ocrx_word' id='word_1_263' title='bbox 260 3682 369 3736; x_wconf 87' lang='lat' dir='ltr'>nocere,</span> <span class='ocrx_word' id='word_1_264' title='bbox 394 3662 452 3722; x_wconf 92' lang='lat' dir='ltr'>imo</span> <span class='ocrx_word' id='word_1_265' title='bbox 466 3681 516 3742; x_wconf 91' lang='lat' dir='ltr'>per</span> <span class='ocrx_word' id='word_1_266' title='bbox 530 3682 560 3722; x_wconf 92' lang='lat' dir='ltr'>se</span> <span class='ocrx_word' id='word_1_267' title='bbox 574 3661 603 3721; x_wconf 91' lang='lat' dir='ltr'>in</span> <span class='ocrx_word' id='word_1_268' title='bbox 619 3663 727 3724; x_wconf 89' lang='lat' dir='ltr'>bonum</span> <span class='ocrx_word' id='word_1_269' title='bbox 748 3661 875 3725; x_wconf 88' lang='lat' dir='ltr'>tendere.</span> <span class='ocrx_word' id='word_1_270' title='bbox 915 3660 994 3721; x_wconf 79' lang='lat' dir='ltr'>Jam-</span> 
     </span>
    </p>
   </div>
   <div class='ocr_carea' id='block_1_4' title="bbox 0 0 1225 4304">
    <p class='ocr_par' dir='ltr' id='par_1_6' title="bbox 0 0 1225 4304">
     <span class='ocr_line' id='line_1_34' title="bbox 0 0 1225 4304; baseline 0 0"><span class='ocrx_word' id='word_1_271' title='bbox 0 0 1225 4304; x_wconf 95' lang='lat' dir='ltr'> </span> 
     </span>
    </p>
   </div>
  </div>
 </body>
</html>
