2402 4292
160 427 222 492 300
321 437 326 448 ·
527 409 583 476 De
600 408 731 476 Gratia.
953 405 1064 493 [ntsr.
1077 423 1124 470 xn

157 577 226 649 sola,
241 579 419 658 externoque
442 577 599 656 largitione
620 577 732 656 gratiae,
757 576 809 636 sed
831 574 1046 635 communione
1060 572 1129 630 sub-
1183 558 1184 564 ἵ

157 679 272 740 stantioe
286 699 354 751 sura,
369 680 413 738 ita
425 683 460 739 nt
473 679 505 738 in
518 679 601 738 nobis
624 698 685 738 essa
698 681 730 736 et
742 676 878 735 habitare
896 675 1033 745 dicatur,
1051 680 1130 732 ‘uon
1186 661 1190 774 Ι

158 779 346 856 pergratiam
360 779 536 838 visitationis
557 785 587 838 et
606 777 791 855 operationis,
807 777 859 835 sed
871 775 1043 852 peripsam
1056 791 1132 850 prur-

159 878 281 938 sentiam
295 878 476 956 majestatis,'
501 883 537 938 ut
559 877 745 954 Augustinus
764 876 926 955 loquitur”
947 875 1132 952 (varus,

161 977 196 1038 de
210 977 362 1051 Trinitatc,
378 979 399 1036 l.
417 983 444 1047 8,
460 998 484 1038 c.
500 985 527 1051 5,
543 998 573 1036 n.
590 976 648 1056 8)?

203 1077 271 1139 *lo
293 1079 376 1154 Roap.
396 1078 435 1138 1⁰.
464 1077 538 1136 Dixi
560 1081 692 1153 “prater
712 1075 823 1134 donum
843 1075 1011 1133 oreatum.”
1059 1074 1134 1134 Gra·

163 1177 235 1238 tiam
249 1178 326 1240 euim
346 1179 429 1239 illam
453 1183 578 1239 creatam
599 1177 662 1236 dari
683 1177 829 1235 affirmant
852 1195 953 1234 ornnes
972 1174 1134 1250 theologi:

162 1278 222 1340 vid.
237 1279 321 1352 infra,
336 1299 366 1341 n.
381 1283 427 1340 14.
468 1281 514 1340 De
529 1278 671 1356 singulari
684 1277 821 1354 opinione
836 1277 867 1335 P.
881 1277 1057 1336 Lonsnnr
1067 1277 1133 1335 hmo

162 1381 415 1454 habctPnnaouo,
439 1382 473 1441 in
495 1401 581 1459 opere
603 1386 623 1414 “
635 1381 679 1439 De
689 1379 865 1438 Virtutibus
887 1378 985 1450 Fidei,
1004 1379 1083 1456 Spei
1104 1379 1133 1437 a

165 1483 349 1543 eharitatis”
366 1483 555 1560 (Ratisbcnae,
573 1483 673 1559 1865),
690 1499 756 1558 pars
770 1484 798 1552 3,
813 1499 844 1539 n.
858 1481 1131 1540 157-9:-“Pro-

166 1582 274 1660 positic
288 1583 351 1644 haec
367 1582 497 1664 [Oaritas
509 1581 669 1642 habitualis
687 1583 731 1639 est
752 1623 759 1639 .
783 1623 790 1638 .
811 1622 820 1638 .
843 1625 850 1639 .
872 1580 985 1638 donum
998 1583 1131 1639 creatum
1192 1611 1194 1622 ι

164 1702 181 1743 c
203 1682 315 1761 Spiritu
337 1684 443 1743 Sancto
457 1683 637 1754 distinctum,
657 1700 715 1758 quo
738 1679 772 1738 in
798 1683 898 1738 aetum
924 1674 1129 1756 erumpimus]

165 1791 243 1848 corta
256 1807 288 1847 cc
302 1787 462 1847 communis
476 1791 520 1846 est
533 1788 610 1846 inter
629 1787 786 1860 theologos,
803 1784 942 1862 aquibus
963 1785 1130 1844 adstmitur

165 1891 303 1950 adversus
317 1889 494 1966 singularem
517 1889 685 1966 opinionem
706 1886 759 1966 [ab
773 1887 908 1946 omnibus
921 1887 1073 1962 theologis
1085 1903 1127 1942 re

161 1989 277 2068 jectum.
319 1989 408 2048 Scan.
429 1989 486 2062 hie,
501 1989 522 2049 1.
540 1994 567 2062 6,
584 2008 608 2048 o.
621 1995 650 2060 8,
665 2007 693 2045 n.
711 1985 763 2064 10]
785 1986 867 2046 Petri
888 1986 1061 2057 Lombardi,
1078 1982 1127 2062 qni

164 2087 197 2148 in
210 2087 237 2148 1.
252 2087 318 2148 dist.
338 2089 381 2161 17,
399 2088 414 2169 g
432 2093 467 2147 18
482 2087 631 2148 contendit
644 2087 803 2156 caritatem,
819 2086 855 2144 de
870 2105 931 2162 qua
943 2086 1124 2153 disserimus,

165 2203 223 2244 non
247 2185 390 2263 distingui
412 2207 429 2246 a
454 2187 563 2264 Spiritu
589 2187 706 2259 Sancto,
735 2183 788 2260 qui
810 2189 855 2242 est
877 2184 1040 2243 noticnalis
1066 2181 1119 2242 Dei

165 2283 279 2346 caritas.
321 2285 384 2352 Quo
398 2285 540 2363 principio
561 2285 649 2344 semel
669 2283 828 2342 constituto
848 2283 941 2342 infert
960 2283 1036 2359 ipse,
1054 2287 1125 2342 oete·

165 2391 263 2442 torum
276 2382 394 2460 quidem
416 2383 559 2442 virtutum
582 2385 672 2453 actus,
696 2381 766 2440 fidei
788 2401 834 2440 ex.
849 2400 892 2456 gr.
908 2389 940 2438 et
952 2380 1029 2456 spei,
1045 2377 1121 2439 exci-

164 2480 222 2542 tari
236 2480 267 2540 in
283 2481 366 2542 nobis
380 2501 397 2540 a
411 2481 524 2559 Spiritu
540 2481 645 2541 Sancto
665 2479 811 2539 mediante
822 2479 929 2539 habitu
943 2498 997 2538 seu
1011 2479 1124 2538 virtute

166 2583 262 2642 crecta
275 2581 311 2641 ab
324 2581 386 2659 ipsc
400 2581 547 2652 distincta,
564 2583 645 2640 actus
659 2599 727 2642 vero
741 2579 871 2639 caritatis
884 2579 920 2638 ab
933 2578 1000 2655 ipso
1011 2579 1122 2656 Spiritu

167 2681 273 2742 Sancto
299 2680 331 2740 in
357 2680 441 2739 nobis
468 2679 634 2739 immediate
661 2679 781 2755 produci
784 2721 913 2738 .....
935 2679 985 2736 Ex
1014 2678 1122 2755 quibus

168 2779 279 2861 [verbis
289 2779 425 2856 Magistri
435 2779 547 2858 allatis]
557 2782 638 2856 patet
647 2798 713 2838 eum
727 2779 879 2838 admittere
892 2779 1014 2854 quidem
1027 2781 1122 2836 aetum

166 2878 329 2939 dilectionis
344 2879 399 2938 Dei
416 2903 424 2950 ς
446 2880 595 2940 caritatem
607 2897 685 2951 vero,
701 2897 766 2955 quoe
782 2879 821 2938 sit
833 2879 925 2936 cartas
939 2877 1032 2936 instar
1042 2875 1121 2936 ooli-

167 2981 212 3038 tur
225 2975 388 3036 dilectionis
402 2981 498 3036 actum
512 2978 681 3055 producens,
698 2977 814 3036 omnino
828 2975 989 3036 inficiatur.

205 3075 274 3136 lll.
297 3076 399 3135 “Hac
413 3081 509 3136 autem
534 3076 689 3152 singularis
709 3076 792 3134 Petri
814 3075 971 3138 Lombardi
991 3074 1123 3134 doctrina
1197 3105 1198 3120 κ

166 3174 331 3254 permisceri
354 3173 458 3252 nequit
484 3195 549 3234 oum
571 3175 685 3234 Petavii
698 3175 814 3251 placito,
829 3179 915 3252 prout
929 3193 1084 3250 perperam
1097 3177 1124 3234 et

166 3275 284 3336 incaute
304 3293 321 3334 a
340 3273 488 3334 nonnullis
511 3275 620 3333 factum
643 3293 704 3333 esse
727 3274 865 3333 dolemus.
906 3273 1029 3333 Etenim
1041 3275 1123 3333 Peta-

167 3375 234 3436 vius
266 3373 298 3434 id
330 3393 433 3446 unum,
468 3373 590 3432 innixus
624 3373 839 3450 Scripturarum
872 3373 1122 3452 plurimorumque

170 3473 302 3543 Petrum,
339 3470 401 3530 sire
433 3467 600 3529 (lroecornm
628 3469 688 3529 sive
725 3469 907 3541 Latinorum,
944 3471 1120 3542 auctoritati,

170 3567 321 3630 contendit
339 3573 445 3644 prator
468 3572 596 3628 creatum
615 3568 742 3646 Spiritus
762 3568 864 3629 Sancti
883 3570 1001 3641 donum,
1026 3608 1035 3628 .
1058 3613 1065 3628 .
1089 3611 1121 3628 ..

168 3664 375 3730 communicari
399 3669 429 3725 et
450 3665 568 3751 quidem
589 3665 754 3732 immediate
774 3665 866 3752 ipsam
879 3665 1010 3753 Spiritus
1024 3659 1121 3730 sanai
