2424 4300
73 405 158 450 nise.
175 385 241 468 111.]
289 383 344 448 Do
362 381 482 448 Geatziz
497 384 656 450 elevante:
677 348 824 470 positive.
985 406 1022 466 qr

73 553 118 609 est
141 549 254 609 viribus
276 553 399 623 naturae,
420 551 540 612 auxiliis
561 571 633 630 pure
658 545 878 612 medicinalibus
897 551 1026 627 adjutus,

72 648 155 708 Deus
174 647 225 707 dat
245 647 379 723 gratiam,
393 668 452 708 non
473 649 587 710 intuitu
606 670 729 728 operum
749 652 790 710 sic
809 653 963 722 factorum,
979 652 1028 710 aed

73 747 146 825 quia
171 747 214 806 ita
237 752 389 808 amovetur
415 749 655 826 impedimentum
676 751 892 811 exercitationis
915 750 1027 810 miseri-

72 845 180 904 cordioe
199 845 265 916 Dei,
279 866 337 922 qua
350 848 416 906 vult
430 867 528 908 omnes
542 849 637 908 salvos
651 850 744 909 facere
759 854 788 910 et
807 851 872 910 ideo
894 850 1028 910 omnibus

72 946 144 1004 dare
157 944 291 1020 gratiam.
332 947 422 1006 Hunc
437 966 553 1006 sensum
569 948 683 1025 egregie
697 953 812 1008 enarrat
827 950 949 1019 Scaena,
960 949 982 1009 l'.
997 954 1026 1022 4,

73 1065 100 1104 c.
119 1048 165 1117 15,
180 1064 217 1105 .n.
233 1049 271 1103 42
285 1051 356 1103 :-“
368 1047 556 1106 Ostendimus
577 1048 753 1107 excitantem
776 1048 908 1124 gratiam,
930 1068 1028 1109 neccs-

73 1143 181 1204 sariam
191 1145 228 1204 ad
242 1145 375 1216 salutem,
390 1147 520 1222 generali
530 1147 594 1223 lege
609 1147 741 1206 omuibus
750 1168 810 1207 esse
819 1167 871 1224 per
882 1147 1029 1206 Christum

73 1241 202 1301 oblatam
226 1246 255 1302 et
269 1242 448 1320 promissam,
469 1264 527 1302 non
549 1244 680 1304 absolute
699 1245 749 1304 aed
768 1247 821 1304 sub
840 1245 939 1322 aliqua
962 1264 1028 1304 eon·

73 1341 187 1402 ditione
207 1343 243 1401 ab
266 1342 329 1419 ipso
353 1343 469 1403 homine
492 1344 646 1420 pendente.
687 1345 760 1404 Haeo
783 1348 881 1404 autem
903 1344 1030 1404 conditio

73 1461 135 1500 non
163 1446 208 1502 est
233 1442 370 1502 meritum
397 1442 524 1520 aliquod,
554 1444 602 1504 vel
632 1443 783 1520 dispositio
815 1444 1032 1521 proportionata

74 1541 292 1618 supernaturali
305 1541 422 1617 gratia:
443 1562 511 1618 ergo
524 1547 643 1602 tantum
657 1562 718 1602 esse
727 1546 823 1620 potest
832 1543 959 1602 conditio
972 1563 1031 1604 non

73 1642 205 1719 ponendi
232 1642 352 1702 obicem.
407 1643 493 1702 Patet
519 1642 732 1719 consequentia,
761 1643 830 1721 quia
861 1643 944 1702 nulla
975 1644 1032 1702 alia

73 1744 173 1818 potest
186 1742 326 1817 cogitari:
361 1743 439 1819 quia,
456 1743 526 1802 licet
539 1742 685 1802 interdum
698 1745 773 1802 bona
786 1743 886 1819 aliqua
904 1742 979 1802 actio
993 1744 1032 1802 sit

74 1840 245 1914 necessaria,
272 1860 338 1900 cum
365 1841 417 1900 illa
444 1861 496 1918 per
523 1861 552 1900 se
574 1842 649 1900 nihil
673 1824 710 1899 ad
733 1843 855 1917 gratiam
879 1842 1029 1914 conducat,

74 1940 172 1999 solnm
194 1944 368 2016 potestesse
391 1941 551 2001 necessaria
568 1933 602 2000 ut
621 1941 731 2000 obicem
750 1941 860 2018 peccati
881 1940 1030 2017 impediat,

74 2039 126 2098 vel
149 2042 316 2116 potestesse
330 2038 413 2097 utilis
426 2043 461 2098 ut
484 2058 589 2115 pravas
603 2039 807 2116 dispositiones
826 2043 856 2097 et
869 2039 950 2112 vitia,
966 2059 1031 2116 quae

75 2137 224 2198 homiuem
244 2138 281 2196 ad
303 2158 389 2216 opera
411 2139 510 2214 gratiae
532 2137 704 2214 ineptiorem
725 2138 861 2210 reddunt,
881 2137 1031 2216 impediet.

76 2239 289 2299 confirmatur:
312 2237 389 2316 quia,
412 2239 437 2296 si
456 2237 563 2314 aliquis
589 2238 706 2297 adultus
734 2237 850 2296 omnino
875 2245 954 2298 caret
979 2240 1033 2298 hac

76 2337 175 2415 gratia
187 2338 332 2398 excitante
345 2337 468 2408 interna,
484 2337 515 2395 id
529 2357 587 2396 non
601 2342 644 2396 est
657 2337 794 2414 primario
810 2357 846 2396 ex
860 2344 942 2416 parte
957 2339 1012 2398 Dei
1024 2359 1031 2410 ;

77 2439 151 2517 quia
173 2439 235 2515 ipse
261 2439 387 2498 maxime
409 2437 493 2515 cupit
515 2437 649 2497 omnibus
673 2438 814 2512 conferre
843 2457 910 2514 ergo
932 2442 1034 2498 estex

76 2545 161 2618 parte
179 2538 313 2598 hominis.
365 2541 460 2598 Causa
481 2543 579 2598 autem
593 2559 631 2598 ex
651 2541 733 2616 parte
751 2536 877 2598 hominis
896 2558 957 2597 esse
976 2558 1034 2598 non

77 2643 184 2718 potest,
199 2639 277 2716 quod
289 2639 371 2698 illam
390 2659 449 2698 non
462 2642 617 2710 mereatur,
631 2639 680 2698 rel
701 2639 738 2698 ad
751 2637 832 2696 illam
846 2657 875 2696 se
889 2638 1035 2696 moraliter

77 2759 139 2798 non
165 2743 316 2816 preparet,
346 2759 412 2798 eum
438 2739 469 2798 id
495 2740 590 2798 facere
616 2758 675 2798 non
702 2737 793 2814 possit
813 2742 881 2799 ante
907 2738 1034 2816 primum

78 2838 243 2910 auxilium,
257 2859 324 2916 ergo
339 2839 432 2898 solum
446 2859 506 2899 esse
520 2842 616 2916 potest
630 2858 724 2911 causa,
740 2837 809 2914 quia
822 2837 905 2914 ponit
917 2837 1034 2916 aliquod

76 2937 319 3015 impedimentum
341 2939 442 3016 gratiae
464 2938 537 3012 Dei;
567 2956 634 3016 ergo
658 2937 832 2998 econtrario
855 2937 980 2998 conditio
1003 2937 1034 2996 in

77 3038 159 3098 dicta
179 3037 243 3114 lega
266 3037 379 3098 inclusa
401 3038 495 3097 solum
513 3042 557 3098 est
575 3043 611 3098 ut
627 3037 714 3124 lromo
735 3056 794 3097 non
817 3042 906 3116 ponat
924 3037 1034 3098 obicem

77 3137 183 3216 gratias
204 3139 269 3199 Dei.
311 3139 445 3217 Denique
466 3141 528 3200 haec
543 3140 670 3199 conditio
688 3144 733 3198 est
748 3139 920 3217 justissima,
936 3146 965 3200 et
978 3161 1035 3200 non

77 3243 226 3316 repugnat
240 3238 379 3314 dignitati
392 3239 439 3299 vel
453 3239 624 3300 liberalitati
648 3239 749 3316 gratiee
763 3239 836 3311 Dei;
859 3259 925 3318 ergo
939 3243 981 3299 ita
993 3244 1037 3298 est

78 3337 301 3414 intelligenda.”
342 3339 410 3400 Vid.
426 3344 455 3399 et
468 3341 596 3412 Lnasrns,
614 3341 648 3398 de
663 3339 763 3399 Gratia
775 3339 901 3412 Fllicaci,
916 3359 940 3398 o.
960 3344 1004 3399 10.

123 3440 172 3499 87.
200 3439 300 3518 Objeet.
324 3446 352 3500 l.
407 3441 594 3500 “Sententia
614 3440 806 3500 communiter
826 3442 942 3515 recepta
961 3439 1039 3498 iuter

79 3540 234 3615 theologos
242 3544 295 3612 est,
306 3540 402 3600 Deum
414 3541 597 3600 distribuisse
608 3541 732 3616 gratiam
743 3539 866 3616 Angelis
875 3539 1038 3616 juxtapro·

78 3639 245 3717 portionem
270 3641 451 3700 naturalem:
474 3641 517 3700 ita
540 3645 656 3718 utque
682 3638 791 3716 Angeli
815 3638 906 3698 creati
919 3639 1040 3698 fuerunt
