<?xml version="1.0" encoding="UTF-8"?>
<!DOCTYPE html PUBLIC "-//W3C//DTD XHTML 1.0 Transitional//EN"
    "http://www.w3.org/TR/xhtml1/DTD/xhtml1-transitional.dtd">
<html xmlns="http://www.w3.org/1999/xhtml" xml:lang="en" lang="en">
 <head>
  <title>
</title>
<meta http-equiv="Content-Type" content="text/html;charset=utf-8" />
  <meta name='ocr-system' content='tesseract 3.04.00' />
  <meta name='ocr-capabilities' content='ocr_page ocr_carea ocr_par ocr_line ocrx_word'/>
</head>
<body>
  <div class='ocr_page' id='page_1' title='image "./tractatusdegrat00murrgoog_0188.png"; bbox 0 0 2424 4300; ppageno 0'>
   <div class='ocr_carea' id='block_1_1' title="bbox 31 375 1027 467">
    <p class='ocr_par' dir='ltr' id='par_1_1' title="bbox 31 375 1027 467">
     <span class='ocr_line' id='line_1_1' title="bbox 31 375 1027 467; baseline 0.001 -22"><span class='ocrx_word' id='word_1_1' title='bbox 31 399 133 447; x_wconf 84' lang='lat' dir='ltr'>nrsr.</span> <span class='ocrx_word' id='word_1_2' title='bbox 151 378 230 466; x_wconf 67' lang='lat' dir='ltr'>va]</span> <span class='ocrx_word' id='word_1_3' title='bbox 289 381 343 446; x_wconf 82' lang='lat' dir='ltr'>De</span> <span class='ocrx_word' id='word_1_4' title='bbox 360 379 481 446; x_wconf 77' lang='lat' dir='ltr'>Grotzlr</span> <span class='ocrx_word' id='word_1_5' title='bbox 496 379 590 446; x_wconf 82' lang='lat' dir='ltr'>Med.</span> <span class='ocrx_word' id='word_1_6' title='bbox 606 375 669 445; x_wconf 71' lang='lat' dir='ltr'>aut</span> <span class='ocrx_word' id='word_1_7' title='bbox 681 381 896 467; x_wconf 77' lang='lat' dir='ltr'>Elea-neg.</span> <span class='ocrx_word' id='word_1_8' title='bbox 972 403 1027 464; x_wconf 85' lang='lat'>¹73</span> 
     </span>
    </p>
   </div>
   <div class='ocr_carea' id='block_1_2' title="bbox 35 549 1089 3624">
    <p class='ocr_par' dir='ltr' id='par_1_2' title="bbox 35 549 1030 726">
     <span class='ocr_line' id='line_1_2' title="bbox 35 549 1030 626; baseline 0.003 -20"><span class='ocrx_word' id='word_1_9' title='bbox 35 549 189 606; x_wconf 85' lang='lat' dir='ltr'>membro</span> <span class='ocrx_word' id='word_1_10' title='bbox 207 553 329 620; x_wconf 83' lang='lat' dir='ltr'>textus,</span> <span class='ocrx_word' id='word_1_11' title='bbox 346 549 407 608; x_wconf 84' lang='lat' dir='ltr'>sine</span> <span class='ocrx_word' id='word_1_12' title='bbox 421 549 478 608; x_wconf 89' lang='lat' dir='ltr'>fide</span> <span class='ocrx_word' id='word_1_13' title='bbox 493 549 589 608; x_wconf 85' lang='lat' dir='ltr'>anima</span> <span class='ocrx_word' id='word_1_14' title='bbox 603 550 721 626; x_wconf 89' lang='lat' dir='ltr'>penitus</span> <span class='ocrx_word' id='word_1_15' title='bbox 735 549 885 608; x_wconf 84' lang='lat' dir='ltr'>tenebrosa</span> <span class='ocrx_word' id='word_1_16' title='bbox 901 553 955 621; x_wconf 89' lang='lat' dir='ltr'>est,</span> <span class='ocrx_word' id='word_1_17' title='bbox 971 550 991 610; x_wconf 92' lang='lat' dir='ltr'>i.</span> <span class='ocrx_word' id='word_1_18' title='bbox 1007 570 1030 609; x_wconf 91' lang='lat' dir='ltr'>e.</span> 
     </span>
     <span class='ocr_line' id='line_1_3' title="bbox 36 649 796 726; baseline 0 -18"><span class='ocrx_word' id='word_1_19' title='bbox 36 649 174 720; x_wconf 87' lang='lat' dir='ltr'>vitiata,</span> <span class='ocrx_word' id='word_1_20' title='bbox 193 653 231 709; x_wconf 84' lang='lat' dir='ltr'>et</span> <span class='ocrx_word' id='word_1_21' title='bbox 248 669 318 725; x_wconf 86' lang='lat' dir='ltr'>ergo</span> <span class='ocrx_word' id='word_1_22' title='bbox 333 650 450 708; x_wconf 89' lang='lat' dir='ltr'>nullum</span> <span class='ocrx_word' id='word_1_23' title='bbox 465 651 573 708; x_wconf 90' lang='lat' dir='ltr'>bonum</span> <span class='ocrx_word' id='word_1_24' title='bbox 587 651 679 709; x_wconf 84' lang='lat' dir='ltr'>faeere</span> <span class='ocrx_word' id='word_1_25' title='bbox 693 654 796 726; x_wconf 88' lang='lat' dir='ltr'>potest.</span> 
     </span>
    </p>

    <p class='ocr_par' dir='ltr' id='par_1_3' title="bbox 40 748 1089 1528">
     <span class='ocr_line' id='line_1_4' title="bbox 86 748 1030 827; baseline 0.001 -19"><span class='ocrx_word' id='word_1_26' title='bbox 86 753 143 809; x_wconf 84' lang='lat'>50.</span> <span class='ocrx_word' id='word_1_27' title='bbox 171 749 277 824; x_wconf 76' lang='lat' dir='ltr'>Reap.</span> <span class='ocrx_word' id='word_1_28' title='bbox 302 749 343 807; x_wconf 88' lang='lat'>1⁰.</span> <span class='ocrx_word' id='word_1_29' title='bbox 364 748 513 826; x_wconf 80' lang='lat' dir='ltr'><strong>Quicquid</strong></span> <span class='ocrx_word' id='word_1_30' title='bbox 533 749 634 808; x_wconf 82' lang='lat' dir='ltr'>oculus</span> <span class='ocrx_word' id='word_1_31' title='bbox 655 769 707 824; x_wconf 91' lang='lat' dir='ltr'>per</span> <span class='ocrx_word' id='word_1_32' title='bbox 728 749 950 816; x_wconf 87' lang='lat' dir='ltr'>similitudinem</span> <span class='ocrx_word' id='word_1_33' title='bbox 973 751 1030 827; x_wconf 84' lang='lat' dir='ltr'>sig-</span> 
     </span>
     <span class='ocr_line' id='line_1_5' title="bbox 40 848 1030 926; baseline 0.001 -18"><span class='ocrx_word' id='word_1_34' title='bbox 40 849 170 923; x_wconf 85' lang='lat' dir='ltr'>nificat,</span> <span class='ocrx_word' id='word_1_35' title='bbox 196 849 297 907; x_wconf 89' lang='lat' dir='ltr'>fidem</span> <span class='ocrx_word' id='word_1_36' title='bbox 316 868 384 908; x_wconf 88' lang='lat' dir='ltr'>sane</span> <span class='ocrx_word' id='word_1_37' title='bbox 405 869 462 907; x_wconf 93' lang='lat' dir='ltr'>non</span> <span class='ocrx_word' id='word_1_38' title='bbox 483 848 652 924; x_wconf 86' lang='lat' dir='ltr'>signifieat:</span> <span class='ocrx_word' id='word_1_39' title='bbox 675 853 732 906; x_wconf 81' lang='lat' dir='ltr'>tum</span> <span class='ocrx_word' id='word_1_40' title='bbox 747 851 817 926; x_wconf 90' lang='lat' dir='ltr'>quia</span> <span class='ocrx_word' id='word_1_41' title='bbox 831 855 901 908; x_wconf 88' lang='lat' dir='ltr'>tuno</span> <span class='ocrx_word' id='word_1_42' title='bbox 915 851 1030 909; x_wconf 89' lang='lat' dir='ltr'>oollatio</span> 
     </span>
     <span class='ocr_line' id='line_1_6' title="bbox 41 949 1029 1026; baseline 0 -17"><span class='ocrx_word' id='word_1_43' title='bbox 41 969 110 1009; x_wconf 90' lang='lat' dir='ltr'>non</span> <span class='ocrx_word' id='word_1_44' title='bbox 137 953 231 1008; x_wconf 81' lang='lat' dir='ltr'>esset</span> <span class='ocrx_word' id='word_1_45' title='bbox 256 949 334 1024; x_wconf 77' lang='lat' dir='ltr'>inter</span> <span class='ocrx_word' id='word_1_46' title='bbox 352 949 468 1007; x_wconf 80' lang='lat' dir='ltr'>oculum</span> <span class='ocrx_word' id='word_1_47' title='bbox 487 968 593 1025; x_wconf 90' lang='lat' dir='ltr'>purum</span> <span class='ocrx_word' id='word_1_48' title='bbox 613 953 643 1007; x_wconf 91' lang='lat' dir='ltr'>et</span> <span class='ocrx_word' id='word_1_49' title='bbox 660 950 775 1007; x_wconf 89' lang='lat' dir='ltr'>ooulum</span> <span class='ocrx_word' id='word_1_50' title='bbox 797 949 955 1026; x_wconf 89' lang='lat' dir='ltr'>impurum,</span> <span class='ocrx_word' id='word_1_51' title='bbox 980 952 1029 1009; x_wconf 88' lang='lat' dir='ltr'>sed</span> 
     </span>
     <span class='ocr_line' id='line_1_7' title="bbox 43 1049 1030 1125; baseline 0.001 -17"><span class='ocrx_word' id='word_1_52' title='bbox 43 1050 132 1110; x_wconf 87' lang='lat' dir='ltr'>inter</span> <span class='ocrx_word' id='word_1_53' title='bbox 173 1049 306 1108; x_wconf 82' lang='lat' dir='ltr'>oculum</span> <span class='ocrx_word' id='word_1_54' title='bbox 339 1068 447 1125; x_wconf 91' lang='lat' dir='ltr'>purum</span> <span class='ocrx_word' id='word_1_55' title='bbox 475 1053 505 1109; x_wconf 88' lang='lat' dir='ltr'>et</span> <span class='ocrx_word' id='word_1_56' title='bbox 532 1049 650 1107; x_wconf 83' lang='lat' dir='ltr'>oculum</span> <span class='ocrx_word' id='word_1_57' title='bbox 684 1049 799 1107; x_wconf 90' lang='lat' dir='ltr'>nullum</span> <span class='ocrx_word' id='word_1_58' title='bbox 826 1069 878 1108; x_wconf 86' lang='lat' dir='ltr'>seu</span> <span class='ocrx_word' id='word_1_59' title='bbox 912 1070 1030 1125; x_wconf 88' lang='lat' dir='ltr'>prorsus</span> 
     </span>
     <span class='ocr_line' id='line_1_8' title="bbox 47 1149 1089 1228; baseline 0.001 -19"><span class='ocrx_word' id='word_1_60' title='bbox 47 1170 201 1222; x_wconf 64' lang='lat' dir='ltr'>roseum</span> <span class='ocrx_word' id='word_1_61' title='bbox 229 1155 292 1209; x_wconf 79' lang='lat' dir='ltr'>tum</span> <span class='ocrx_word' id='word_1_62' title='bbox 311 1149 380 1226; x_wconf 89' lang='lat' dir='ltr'>quia</span> <span class='ocrx_word' id='word_1_63' title='bbox 402 1149 434 1208; x_wconf 89' lang='lat' dir='ltr'>in</span> <span class='ocrx_word' id='word_1_64' title='bbox 454 1151 508 1210; x_wconf 89' lang='lat' dir='ltr'>hoe</span> <span class='ocrx_word' id='word_1_65' title='bbox 530 1169 662 1210; x_wconf 89' lang='lat' dir='ltr'>sermone</span> <span class='ocrx_word' id='word_1_66' title='bbox 676 1149 794 1223; x_wconf 77' lang='lat' dir='ltr'>Christi,</span> <span class='ocrx_word' id='word_1_67' title='bbox 817 1152 853 1208; x_wconf 92' lang='lat' dir='ltr'>ad</span> <span class='ocrx_word' id='word_1_68' title='bbox 874 1151 1030 1228; x_wconf 83' lang='lat' dir='ltr'>discipulos</span> <span class='ocrx_word' id='word_1_69' title='bbox 1087 1213 1089 1220; x_wconf 54' lang='grc'>,</span> 
     </span>
     <span class='ocr_line' id='line_1_9' title="bbox 48 1250 1028 1327; baseline 0.002 -20"><span class='ocrx_word' id='word_1_70' title='bbox 48 1251 174 1320; x_wconf 85' lang='lat' dir='ltr'>habito,</span> <span class='ocrx_word' id='word_1_71' title='bbox 202 1250 295 1320; x_wconf 85' lang='lat' dir='ltr'>nulla</span> <span class='ocrx_word' id='word_1_72' title='bbox 310 1255 371 1308; x_wconf 87' lang='lat' dir='ltr'>erat</span> <span class='ocrx_word' id='word_1_73' title='bbox 392 1250 500 1308; x_wconf 83' lang='lat' dir='ltr'>occasio</span> <span class='ocrx_word' id='word_1_74' title='bbox 521 1251 660 1327; x_wconf 88' lang='lat' dir='ltr'>loquendi</span> <span class='ocrx_word' id='word_1_75' title='bbox 681 1251 717 1309; x_wconf 90' lang='lat' dir='ltr'>de</span> <span class='ocrx_word' id='word_1_76' title='bbox 730 1250 882 1309; x_wconf 81' lang='lat' dir='ltr'>effectibus</span> <span class='ocrx_word' id='word_1_77' title='bbox 901 1251 1028 1310; x_wconf 90' lang='lat' dir='ltr'>infideli-</span> 
     </span>
     <span class='ocr_line' id='line_1_10' title="bbox 51 1351 1029 1428; baseline -0.001 -18"><span class='ocrx_word' id='word_1_78' title='bbox 51 1353 149 1426; x_wconf 85' lang='lat' dir='ltr'>tatis;</span> <span class='ocrx_word' id='word_1_79' title='bbox 180 1355 218 1411; x_wconf 84' lang='lat' dir='ltr'>et</span> <span class='ocrx_word' id='word_1_80' title='bbox 242 1351 277 1408; x_wconf 93' lang='lat' dir='ltr'>in</span> <span class='ocrx_word' id='word_1_81' title='bbox 293 1351 347 1409; x_wconf 90' lang='lat' dir='ltr'>hoo</span> <span class='ocrx_word' id='word_1_82' title='bbox 369 1351 465 1428; x_wconf 89' lang='lat' dir='ltr'>eapite</span> <span class='ocrx_word' id='word_1_83' title='bbox 490 1360 573 1409; x_wconf 85' lang='lat' dir='ltr'>sexto</span> <span class='ocrx_word' id='word_1_84' title='bbox 596 1354 656 1410; x_wconf 88' lang='lat' dir='ltr'>fere</span> <span class='ocrx_word' id='word_1_85' title='bbox 678 1356 756 1408; x_wconf 91' lang='lat' dir='ltr'>totus</span> <span class='ocrx_word' id='word_1_86' title='bbox 778 1354 822 1410; x_wconf 85' lang='lat' dir='ltr'>est</span> <span class='ocrx_word' id='word_1_87' title='bbox 845 1351 978 1410; x_wconf 81' lang='lat' dir='ltr'>Christus</span> <span class='ocrx_word' id='word_1_88' title='bbox 997 1352 1029 1409; x_wconf 90' lang='lat' dir='ltr'>in</span> 
     </span>
     <span class='ocr_line' id='line_1_11' title="bbox 52 1451 800 1528; baseline 0.001 -21"><span class='ocrx_word' id='word_1_89' title='bbox 52 1451 147 1509; x_wconf 82' lang='lat' dir='ltr'>factis</span> <span class='ocrx_word' id='word_1_90' title='bbox 163 1451 384 1526; x_wconf 84' lang='lat' dir='ltr'>pharisaeorum</span> <span class='ocrx_word' id='word_1_91' title='bbox 398 1452 593 1527; x_wconf 88' lang='lat' dir='ltr'>reprobandis.</span> <span class='ocrx_word' id='word_1_92' title='bbox 798 1519 800 1528; x_wconf 22' lang='lat' dir='ltr'><em>s</em></span> 
     </span>
    </p>

    <p class='ocr_par' dir='ltr' id='par_1_4' title="bbox 57 1549 1029 3431">
     <span class='ocr_line' id='line_1_12' title="bbox 99 1549 1027 1626; baseline -0.001 -18"><span class='ocrx_word' id='word_1_93' title='bbox 99 1553 151 1610; x_wconf 80' lang='lat'>51.</span> <span class='ocrx_word' id='word_1_94' title='bbox 176 1553 227 1609; x_wconf 81' lang='lat'>2⁰.</span> <span class='ocrx_word' id='word_1_95' title='bbox 252 1550 373 1626; x_wconf 85' lang='lat' dir='ltr'>Duplex</span> <span class='ocrx_word' id='word_1_96' title='bbox 396 1556 440 1608; x_wconf 85' lang='lat' dir='ltr'>est</span> <span class='ocrx_word' id='word_1_97' title='bbox 464 1551 585 1608; x_wconf 78' lang='lat' dir='ltr'>Petrum</span> <span class='ocrx_word' id='word_1_98' title='bbox 608 1554 638 1609; x_wconf 88' lang='lat' dir='ltr'>et</span> <span class='ocrx_word' id='word_1_99' title='bbox 659 1550 850 1626; x_wconf 83' lang='lat' dir='ltr'>interpretum</span> <span class='ocrx_word' id='word_1_100' title='bbox 875 1549 1027 1608; x_wconf 88' lang='lat' dir='ltr'>sententia.</span> 
     </span>
     <span class='ocr_line' id='line_1_13' title="bbox 57 1649 1029 1728; baseline 0 -20"><span class='ocrx_word' id='word_1_101' title='bbox 57 1651 165 1710; x_wconf 84' lang='lat' dir='ltr'>Prima</span> <span class='ocrx_word' id='word_1_102' title='bbox 189 1651 270 1710; x_wconf 84' lang='lat' dir='ltr'>dicit</span> <span class='ocrx_word' id='word_1_103' title='bbox 291 1670 344 1728; x_wconf 88' lang='lat' dir='ltr'>per</span> <span class='ocrx_word' id='word_1_104' title='bbox 371 1652 487 1710; x_wconf 83' lang='lat' dir='ltr'>oculum</span> <span class='ocrx_word' id='word_1_105' title='bbox 515 1650 672 1727; x_wconf 82' lang='lat' dir='ltr'>significari</span> <span class='ocrx_word' id='word_1_106' title='bbox 692 1649 838 1728; x_wconf 82' lang='lat' dir='ltr'>judicium</span> <span class='ocrx_word' id='word_1_107' title='bbox 862 1650 1029 1709; x_wconf 85' lang='lat' dir='ltr'>intellectus</span> 
     </span>
     <span class='ocr_line' id='line_1_14' title="bbox 59 1750 1026 1828; baseline 0.001 -21"><span class='ocrx_word' id='word_1_108' title='bbox 59 1751 255 1827; x_wconf 82' lang='lat' dir='ltr'>praetioum:</span> <span class='ocrx_word' id='word_1_109' title='bbox 279 1756 309 1811; x_wconf 86' lang='lat' dir='ltr'>et</span> <span class='ocrx_word' id='word_1_110' title='bbox 323 1771 422 1810; x_wconf 85' lang='lat' dir='ltr'>revera</span> <span class='ocrx_word' id='word_1_111' title='bbox 443 1771 480 1810; x_wconf 84' lang='lat' dir='ltr'>ex</span> <span class='ocrx_word' id='word_1_112' title='bbox 501 1751 644 1828; x_wconf 87' lang='lat' dir='ltr'>ejusmodi</span> <span class='ocrx_word' id='word_1_113' title='bbox 661 1750 772 1828; x_wconf 80' lang='lat' dir='ltr'>judicio</span> <span class='ocrx_word' id='word_1_114' title='bbox 793 1770 880 1827; x_wconf 87' lang='lat' dir='ltr'>pravo</span> <span class='ocrx_word' id='word_1_115' title='bbox 896 1769 946 1808; x_wconf 85' lang='lat' dir='ltr'>seu</span> <span class='ocrx_word' id='word_1_116' title='bbox 960 1769 1026 1808; x_wconf 85' lang='lat' dir='ltr'>oon-</span> 
     </span>
     <span class='ocr_line' id='line_1_15' title="bbox 60 1851 1026 1928; baseline -0.002 -20"><span class='ocrx_word' id='word_1_117' title='bbox 60 1851 194 1911; x_wconf 89' lang='lat' dir='ltr'>soientia</span> <span class='ocrx_word' id='word_1_118' title='bbox 219 1871 340 1911; x_wconf 88' lang='lat' dir='ltr'>erronea</span> <span class='ocrx_word' id='word_1_119' title='bbox 360 1851 476 1928; x_wconf 80' lang='lat' dir='ltr'>(utique</span> <span class='ocrx_word' id='word_1_120' title='bbox 490 1851 669 1910; x_wconf 84' lang='lat' dir='ltr'>vincibiliter</span> <span class='ocrx_word' id='word_1_121' title='bbox 691 1871 817 1923; x_wconf 88' lang='lat' dir='ltr'>erronea,</span> <span class='ocrx_word' id='word_1_122' title='bbox 848 1869 912 1926; x_wconf 76' lang='lat' dir='ltr'>quar</span> <span class='ocrx_word' id='word_1_123' title='bbox 938 1851 1026 1908; x_wconf 90' lang='lat' dir='ltr'>etiam</span> 
     </span>
     <span class='ocr_line' id='line_1_16' title="bbox 62 1950 1029 2028; baseline 0 -21"><span class='ocrx_word' id='word_1_124' title='bbox 62 1950 140 2010; x_wconf 84' lang='lat' dir='ltr'>falsa</span> <span class='ocrx_word' id='word_1_125' title='bbox 153 1955 297 2028; x_wconf 76' lang='lat' dir='ltr'>vocatur)</span> <span class='ocrx_word' id='word_1_126' title='bbox 319 1951 489 2010; x_wconf 83' lang='lat' dir='ltr'>incredibile</span> <span class='ocrx_word' id='word_1_127' title='bbox 510 1956 553 2010; x_wconf 88' lang='lat' dir='ltr'>est</span> <span class='ocrx_word' id='word_1_128' title='bbox 574 1955 715 2027; x_wconf 88' lang='lat' dir='ltr'>quantum</span> <span class='ocrx_word' id='word_1_129' title='bbox 737 1954 799 2010; x_wconf 91' lang='lat' dir='ltr'>tota</span> <span class='ocrx_word' id='word_1_130' title='bbox 813 1950 874 2007; x_wconf 88' lang='lat' dir='ltr'>vita</span> <span class='ocrx_word' id='word_1_131' title='bbox 895 1950 969 2008; x_wconf 90' lang='lat' dir='ltr'>male</span> <span class='ocrx_word' id='word_1_132' title='bbox 983 1951 1029 2007; x_wconf 91' lang='lat' dir='ltr'>in-</span> 
     </span>
     <span class='ocr_line' id='line_1_17' title="bbox 63 2030 1029 2128; baseline 0 -22"><span class='ocrx_word' id='word_1_133' title='bbox 63 2050 197 2111; x_wconf 81' lang='lat' dir='ltr'>ficiatur.</span> <span class='ocrx_word' id='word_1_134' title='bbox 253 2052 357 2110; x_wconf 84' lang='lat' dir='ltr'>Altera</span> <span class='ocrx_word' id='word_1_135' title='bbox 387 2051 533 2110; x_wconf 86' lang='lat' dir='ltr'>sententia</span> <span class='ocrx_word' id='word_1_136' title='bbox 557 2051 629 2109; x_wconf 86' lang='lat' dir='ltr'>dioit</span> <span class='ocrx_word' id='word_1_137' title='bbox 652 2071 704 2128; x_wconf 89' lang='lat' dir='ltr'>per</span> <span class='ocrx_word' id='word_1_138' title='bbox 727 2030 849 2109; x_wconf 21' lang='lat' dir='ltr'>oculum!</span> <span class='ocrx_word' id='word_1_139' title='bbox 871 2050 1029 2125; x_wconf 81' lang='lat' dir='ltr'>significari</span> 
     </span>
     <span class='ocr_line' id='line_1_18' title="bbox 67 2151 1029 2228; baseline 0.003 -24"><span class='ocrx_word' id='word_1_140' title='bbox 67 2151 290 2211; x_wconf 87' lang='lat' dir='ltr'>intentionem:</span> <span class='ocrx_word' id='word_1_141' title='bbox 314 2158 343 2209; x_wconf 89' lang='lat' dir='ltr'>et</span> <span class='ocrx_word' id='word_1_142' title='bbox 364 2152 428 2210; x_wconf 82' lang='lat' dir='ltr'>haee</span> <span class='ocrx_word' id='word_1_143' title='bbox 449 2152 523 2208; x_wconf 89' lang='lat' dir='ltr'>mihi</span> <span class='ocrx_word' id='word_1_144' title='bbox 546 2152 722 2228; x_wconf 78' lang='lat' dir='ltr'>probabilior</span> <span class='ocrx_word' id='word_1_145' title='bbox 736 2171 795 2209; x_wconf 85' lang='lat' dir='ltr'>osse</span> <span class='ocrx_word' id='word_1_146' title='bbox 810 2151 947 2208; x_wconf 84' lang='lat' dir='ltr'>videtur:</span> <span class='ocrx_word' id='word_1_147' title='bbox 971 2156 1029 2208; x_wconf 82' lang='lat' dir='ltr'>tom</span> 
     </span>
     <span class='ocr_line' id='line_1_19' title="bbox 66 2251 1028 2328; baseline 0.001 -20"><span class='ocrx_word' id='word_1_148' title='bbox 66 2251 137 2326; x_wconf 85' lang='lat' dir='ltr'>quia</span> <span class='ocrx_word' id='word_1_149' title='bbox 151 2252 186 2310; x_wconf 91' lang='lat' dir='ltr'>in</span> <span class='ocrx_word' id='word_1_150' title='bbox 208 2260 229 2287; x_wconf 81' lang='lat'>‘⁴</span> <span class='ocrx_word' id='word_1_151' title='bbox 240 2256 301 2311; x_wconf 91' lang='lat' dir='ltr'>toto</span> <span class='ocrx_word' id='word_1_152' title='bbox 315 2254 418 2328; x_wconf 84' lang='lat' dir='ltr'>eapite,</span> <span class='ocrx_word' id='word_1_153' title='bbox 441 2273 545 2311; x_wconf 85' lang='lat' dir='ltr'>avers.</span> <span class='ocrx_word' id='word_1_154' title='bbox 564 2258 576 2310; x_wconf 94' lang='lat' dir='ltr'>l</span> <span class='ocrx_word' id='word_1_155' title='bbox 594 2254 752 2328; x_wconf 85' lang='lat' dir='ltr'>hueusque,</span> <span class='ocrx_word' id='word_1_156' title='bbox 768 2251 904 2311; x_wconf 79' lang='lat' dir='ltr'>Christus</span> <span class='ocrx_word' id='word_1_157' title='bbox 918 2252 979 2326; x_wconf 84' lang='lat' dir='ltr'>egit</span> <span class='ocrx_word' id='word_1_158' title='bbox 992 2252 1028 2309; x_wconf 92' lang='lat' dir='ltr'>de</span> 
     </span>
     <span class='ocr_line' id='line_1_20' title="bbox 68 2351 1027 2431; baseline 0.004 -27"><span class='ocrx_word' id='word_1_159' title='bbox 68 2356 148 2409; x_wconf 81' lang='lat' dir='ltr'>reeta</span> <span class='ocrx_word' id='word_1_160' title='bbox 161 2351 339 2426; x_wconf 87' lang='lat' dir='ltr'>intentione,</span> <span class='ocrx_word' id='word_1_161' title='bbox 353 2372 474 2431; x_wconf 86' lang='lat' dir='ltr'>eamque</span> <span class='ocrx_word' id='word_1_162' title='bbox 488 2352 642 2429; x_wconf 76' lang='lat' dir='ltr'>requisivit</span> <span class='ocrx_word' id='word_1_163' title='bbox 651 2352 682 2409; x_wconf 90' lang='lat' dir='ltr'>in</span> <span class='ocrx_word' id='word_1_164' title='bbox 693 2353 882 2427; x_wconf 79' lang='lat' dir='ltr'>eleemosyna,</span> <span class='ocrx_word' id='word_1_165' title='bbox 900 2351 1027 2409; x_wconf 83' lang='lat' dir='ltr'>oratione</span> 
     </span>
     <span class='ocr_line' id='line_1_21' title="bbox 70 2451 1026 2530; baseline 0.002 -24"><span class='ocrx_word' id='word_1_166' title='bbox 70 2455 98 2506; x_wconf 85' lang='lat' dir='ltr'>et</span> <span class='ocrx_word' id='word_1_167' title='bbox 109 2451 241 2528; x_wconf 84' lang='lat' dir='ltr'>jejunio,</span> <span class='ocrx_word' id='word_1_168' title='bbox 256 2453 310 2511; x_wconf 91' lang='lat' dir='ltr'>hoo</span> <span class='ocrx_word' id='word_1_169' title='bbox 325 2457 377 2524; x_wconf 88' lang='lat' dir='ltr'>est,</span> <span class='ocrx_word' id='word_1_170' title='bbox 392 2453 515 2510; x_wconf 90' lang='lat' dir='ltr'>inomni</span> <span class='ocrx_word' id='word_1_171' title='bbox 531 2473 615 2528; x_wconf 90' lang='lat' dir='ltr'>opere</span> <span class='ocrx_word' id='word_1_172' title='bbox 629 2451 722 2510; x_wconf 87' lang='lat' dir='ltr'>bono&#39;&#39;</span> <span class='ocrx_word' id='word_1_173' title='bbox 738 2451 945 2530; x_wconf 72' lang='lat' dir='ltr'>(A.Li1›1nn);</span> <span class='ocrx_word' id='word_1_174' title='bbox 969 2456 1026 2509; x_wconf 80' lang='lat' dir='ltr'>tum</span> 
     </span>
     <span class='ocr_line' id='line_1_22' title="bbox 71 2549 1027 2628; baseline 0.003 -23"><span class='ocrx_word' id='word_1_175' title='bbox 71 2549 141 2622; x_wconf 90' lang='lat' dir='ltr'>quia</span> <span class='ocrx_word' id='word_1_176' title='bbox 153 2551 333 2628; x_wconf 82' lang='lat' dir='ltr'>comparatio</span> <span class='ocrx_word' id='word_1_177' title='bbox 346 2551 378 2609; x_wconf 90' lang='lat' dir='ltr'>in</span> <span class='ocrx_word' id='word_1_178' title='bbox 392 2553 445 2610; x_wconf 85' lang='lat' dir='ltr'>hae</span> <span class='ocrx_word' id='word_1_179' title='bbox 459 2552 698 2628; x_wconf 77' lang='lat' dir='ltr'>interpretatione</span> <span class='ocrx_word' id='word_1_180' title='bbox 713 2559 757 2608; x_wconf 87' lang='lat' dir='ltr'>est</span> <span class='ocrx_word' id='word_1_181' title='bbox 771 2551 855 2608; x_wconf 89' lang='lat' dir='ltr'>valde</span> <span class='ocrx_word' id='word_1_182' title='bbox 870 2550 985 2626; x_wconf 90' lang='lat' dir='ltr'>propria</span> <span class='ocrx_word' id='word_1_183' title='bbox 998 2557 1027 2608; x_wconf 93' lang='lat' dir='ltr'>et</span> 
     </span>
     <span class='ocr_line' id='line_1_23' title="bbox 71 2649 1025 2734; baseline 0.001 -30"><span class='ocrx_word' id='word_1_184' title='bbox 71 2649 216 2710; x_wconf 80' lang='lat' dir='ltr'>concinna</span> <span class='ocrx_word' id='word_1_185' title='bbox 242 2656 272 2711; x_wconf 87' lang='lat' dir='ltr'>et</span> <span class='ocrx_word' id='word_1_186' title='bbox 295 2653 442 2711; x_wconf 86' lang='lat' dir='ltr'>communi</span> <span class='ocrx_word' id='word_1_187' title='bbox 463 2673 519 2710; x_wconf 91' lang='lat' dir='ltr'>usu</span> <span class='ocrx_word' id='word_1_188' title='bbox 542 2652 680 2728; x_wconf 91' lang='lat' dir='ltr'>loquendi</span> <span class='ocrx_word' id='word_1_189' title='bbox 702 2651 834 2734; x_wconf 75' lang='lat' dir='ltr'>fundato.</span> <span class='ocrx_word' id='word_1_190' title='bbox 876 2649 934 2714; x_wconf 78' lang='lat' dir='ltr'>Qui</span> <span class='ocrx_word' id='word_1_191' title='bbox 949 2649 1025 2706; x_wconf 87' lang='lat' dir='ltr'>onim</span> 
     </span>
     <span class='ocr_line' id='line_1_24' title="bbox 74 2731 1026 2828; baseline 0.002 -26"><span class='ocrx_word' id='word_1_192' title='bbox 74 2765 193 2824; x_wconf 85' lang='lat' dir='ltr'>scopum</span> <span class='ocrx_word' id='word_1_193' title='bbox 216 2771 245 2810; x_wconf 82' lang='lat' dir='ltr'>v.</span> <span class='ocrx_word' id='word_1_194' title='bbox 264 2772 291 2826; x_wconf 83' lang='lat' dir='ltr'>g.</span> <span class='ocrx_word' id='word_1_195' title='bbox 320 2753 427 2827; x_wconf 84' lang='lat' dir='ltr'>sagitta</span> <span class='ocrx_word' id='word_1_196' title='bbox 451 2754 536 2810; x_wconf 88' lang='lat' dir='ltr'>ferire</span> <span class='ocrx_word' id='word_1_197' title='bbox 558 2753 632 2811; x_wconf 82' lang='lat' dir='ltr'>velit</span> <span class='ocrx_word' id='word_1_198' title='bbox 658 2751 751 2828; x_wconf 81' lang='lat' dir='ltr'>ipsam</span> <span class='ocrx_word' id='word_1_199' title='bbox 779 2731 915 2824; x_wconf 80' lang='lat' dir='ltr'>sagittam</span> <span class='ocrx_word' id='word_1_200' title='bbox 943 2749 1026 2807; x_wconf 81' lang='lat' dir='ltr'>oculo</span> 
     </span>
     <span class='ocr_line' id='line_1_25' title="bbox 73 2845 1025 2928; baseline 0.004 -27"><span class='ocrx_word' id='word_1_201' title='bbox 73 2845 184 2924; x_wconf 83' lang='lat' dir='ltr'>dirigit,</span> <span class='ocrx_word' id='word_1_202' title='bbox 202 2859 241 2922; x_wconf 93' lang='lat' dir='ltr'>et,</span> <span class='ocrx_word' id='word_1_203' title='bbox 257 2852 372 2911; x_wconf 86' lang='lat' dir='ltr'>sirecte</span> <span class='ocrx_word' id='word_1_204' title='bbox 387 2852 503 2928; x_wconf 81' lang='lat' dir='ltr'>dirigat,</span> <span class='ocrx_word' id='word_1_205' title='bbox 525 2853 597 2910; x_wconf 86' lang='lat' dir='ltr'>bena</span> <span class='ocrx_word' id='word_1_206' title='bbox 618 2852 748 2910; x_wconf 86' lang='lat' dir='ltr'>oculatus</span> <span class='ocrx_word' id='word_1_207' title='bbox 762 2869 823 2908; x_wconf 84' lang='lat' dir='ltr'>esse</span> <span class='ocrx_word' id='word_1_208' title='bbox 837 2850 960 2919; x_wconf 83' lang='lat' dir='ltr'>dicitnr3</span> <span class='ocrx_word' id='word_1_209' title='bbox 982 2847 1025 2907; x_wconf 79' lang='lat' dir='ltr'>ita</span> 
     </span>
     <span class='ocr_line' id='line_1_26' title="bbox 76 2948 1024 3030; baseline 0.001 -25"><span class='ocrx_word' id='word_1_210' title='bbox 76 2949 104 3004; x_wconf 85' lang='lat' dir='ltr'>et</span> <span class='ocrx_word' id='word_1_211' title='bbox 117 2948 169 3025; x_wconf 87' lang='lat' dir='ltr'>qui</span> <span class='ocrx_word' id='word_1_212' title='bbox 183 2971 259 3030; x_wconf 89' lang='lat' dir='ltr'>opus</span> <span class='ocrx_word' id='word_1_213' title='bbox 272 2971 338 3011; x_wconf 85' lang='lat' dir='ltr'>rere</span> <span class='ocrx_word' id='word_1_214' title='bbox 352 2953 460 3010; x_wconf 90' lang='lat' dir='ltr'>bonum</span> <span class='ocrx_word' id='word_1_215' title='bbox 476 2956 506 3012; x_wconf 88' lang='lat' dir='ltr'>et</span> <span class='ocrx_word' id='word_1_216' title='bbox 519 2953 644 3010; x_wconf 87' lang='lat' dir='ltr'>salutare</span> <span class='ocrx_word' id='word_1_217' title='bbox 659 2955 750 3010; x_wconf 86' lang='lat' dir='ltr'>faeere</span> <span class='ocrx_word' id='word_1_218' title='bbox 764 2949 846 3022; x_wconf 86' lang='lat' dir='ltr'>velit,</span> <span class='ocrx_word' id='word_1_219' title='bbox 864 2954 976 3025; x_wconf 88' lang='lat' dir='ltr'>oportet</span> <span class='ocrx_word' id='word_1_220' title='bbox 990 2957 1024 3006; x_wconf 90' lang='lat' dir='ltr'>ut</span> 
     </span>
     <span class='ocr_line' id='line_1_27' title="bbox 75 3047 1022 3129; baseline 0.001 -24"><span class='ocrx_word' id='word_1_221' title='bbox 75 3047 202 3120; x_wconf 90' lang='lat' dir='ltr'>primum</span> <span class='ocrx_word' id='word_1_222' title='bbox 217 3051 347 3110; x_wconf 90' lang='lat' dir='ltr'>omnium</span> <span class='ocrx_word' id='word_1_223' title='bbox 368 3052 464 3129; x_wconf 88' lang='lat' dir='ltr'>ipsum</span> <span class='ocrx_word' id='word_1_224' title='bbox 485 3073 556 3129; x_wconf 87' lang='lat' dir='ltr'>opus</span> <span class='ocrx_word' id='word_1_225' title='bbox 569 3052 601 3110; x_wconf 92' lang='lat' dir='ltr'>in</span> <span class='ocrx_word' id='word_1_226' title='bbox 614 3053 701 3110; x_wconf 88' lang='lat' dir='ltr'>finem</span> <span class='ocrx_word' id='word_1_227' title='bbox 713 3053 830 3120; x_wconf 90' lang='lat' dir='ltr'>bonum,</span> <span class='ocrx_word' id='word_1_228' title='bbox 842 3049 926 3127; x_wconf 88' lang='lat' dir='ltr'>quasi</span> <span class='ocrx_word' id='word_1_229' title='bbox 941 3049 1022 3107; x_wconf 81' lang='lat' dir='ltr'>oculo</span> 
     </span>
     <span class='ocr_line' id='line_1_28' title="bbox 77 3148 1021 3228; baseline 0.004 -26"><span class='ocrx_word' id='word_1_230' title='bbox 77 3148 188 3222; x_wconf 88' lang='lat' dir='ltr'>mentis,</span> <span class='ocrx_word' id='word_1_231' title='bbox 207 3151 323 3228; x_wconf 81' lang='lat' dir='ltr'>dirigat.</span> <span class='ocrx_word' id='word_1_232' title='bbox 363 3152 443 3212; x_wconf 87' lang='lat' dir='ltr'>Hine</span> <span class='ocrx_word' id='word_1_233' title='bbox 463 3173 518 3211; x_wconf 85' lang='lat' dir='ltr'>usu</span> <span class='ocrx_word' id='word_1_234' title='bbox 532 3153 613 3211; x_wconf 87' lang='lat' dir='ltr'>venit</span> <span class='ocrx_word' id='word_1_235' title='bbox 631 3157 665 3210; x_wconf 91' lang='lat' dir='ltr'>ut</span> <span class='ocrx_word' id='word_1_236' title='bbox 680 3151 803 3210; x_wconf 83' lang='lat' dir='ltr'>elevatio</span> <span class='ocrx_word' id='word_1_237' title='bbox 827 3151 976 3210; x_wconf 82' lang='lat' dir='ltr'>oculorum</span> <span class='ocrx_word' id='word_1_238' title='bbox 990 3151 1021 3206; x_wconf 91' lang='lat' dir='ltr'>in</span> 
     </span>
     <span class='ocr_line' id='line_1_29' title="bbox 78 3247 1020 3331; baseline 0.002 -27"><span class='ocrx_word' id='word_1_239' title='bbox 78 3247 180 3308; x_wconf 76' lang='lat' dir='ltr'>colum</span> <span class='ocrx_word' id='word_1_240' title='bbox 202 3253 240 3312; x_wconf 88' lang='lat' dir='ltr'>sit</span> <span class='ocrx_word' id='word_1_241' title='bbox 260 3254 401 3331; x_wconf 86' lang='lat' dir='ltr'>ejusmodi</span> <span class='ocrx_word' id='word_1_242' title='bbox 422 3255 504 3312; x_wconf 87' lang='lat' dir='ltr'>bonae</span> <span class='ocrx_word' id='word_1_243' title='bbox 528 3253 699 3312; x_wconf 87' lang='lat' dir='ltr'>intentionis</span> <span class='ocrx_word' id='word_1_244' title='bbox 719 3255 835 3328; x_wconf 87' lang='lat' dir='ltr'>signum</span> <span class='ocrx_word' id='word_1_245' title='bbox 856 3256 1020 3310; x_wconf 81' lang='lat' dir='ltr'>externum.</span> 
     </span>
     <span class='ocr_line' id='line_1_30' title="bbox 80 3339 1020 3431; baseline 0.005 -28"><span class='ocrx_word' id='word_1_246' title='bbox 80 3339 284 3412; x_wconf 90' lang='lat' dir='ltr'>Verumtamen</span> <span class='ocrx_word' id='word_1_247' title='bbox 313 3373 413 3414; x_wconf 90' lang='lat' dir='ltr'>oenseo</span> <span class='ocrx_word' id='word_1_248' title='bbox 439 3360 593 3431; x_wconf 83' lang='lat' dir='ltr'>utramque</span> <span class='ocrx_word' id='word_1_249' title='bbox 623 3353 890 3429; x_wconf 82' lang='lat' dir='ltr'>interpretationem</span> <span class='ocrx_word' id='word_1_250' title='bbox 912 3352 1020 3426; x_wconf 88' lang='lat' dir='ltr'>optime</span> 
     </span>
    </p>

    <p class='ocr_par' dir='ltr' id='par_1_5' title="bbox 83 3451 1019 3624">
     <span class='ocr_line' id='line_1_31' title="bbox 83 3451 1019 3531; baseline 0.002 -28"><span class='ocrx_word' id='word_1_251' title='bbox 83 3451 206 3518; x_wconf 75' lang='lat' dir='ltr'>possein</span> <span class='ocrx_word' id='word_1_252' title='bbox 218 3472 308 3511; x_wconf 87' lang='lat' dir='ltr'>unum</span> <span class='ocrx_word' id='word_1_253' title='bbox 326 3455 459 3530; x_wconf 89' lang='lat' dir='ltr'>componi</span> <span class='ocrx_word' id='word_1_254' title='bbox 479 3458 509 3514; x_wconf 91' lang='lat' dir='ltr'>et</span> <span class='ocrx_word' id='word_1_255' title='bbox 530 3455 676 3531; x_wconf 82' lang='lat' dir='ltr'>conjungi,</span> <span class='ocrx_word' id='word_1_256' title='bbox 701 3458 731 3512; x_wconf 90' lang='lat' dir='ltr'>et</span> <span class='ocrx_word' id='word_1_257' title='bbox 747 3453 866 3510; x_wconf 88' lang='lat' dir='ltr'>alteram</span> <span class='ocrx_word' id='word_1_258' title='bbox 881 3451 912 3507; x_wconf 93' lang='lat' dir='ltr'>in</span> <span class='ocrx_word' id='word_1_259' title='bbox 927 3451 1019 3507; x_wconf 84' lang='lat' dir='ltr'>altera</span> 
     </span>
     <span class='ocr_line' id='line_1_32' title="bbox 83 3551 288 3624; baseline 0.039 -21"><span class='ocrx_word' id='word_1_260' title='bbox 83 3551 288 3624; x_wconf 78' lang='lat' dir='ltr'>comprehendi.</span> 
     </span>
    </p>
   </div>
   <div class='ocr_carea' id='block_1_3' title="bbox 118 3649 1020 3735">
    <p class='ocr_par' dir='ltr' id='par_1_6' title="bbox 118 3649 1020 3735">
     <span class='ocr_line' id='line_1_33' title="bbox 118 3649 1020 3735; baseline 0.003 -26"><span class='ocrx_word' id='word_1_261' title='bbox 118 3649 181 3712; x_wconf 72' lang='lat'><strong>⁴⁶52.</strong></span> <span class='ocrx_word' id='word_1_262' title='bbox 207 3655 307 3732; x_wconf 80' lang='lat' dir='ltr'>Objeot.</span> <span class='ocrx_word' id='word_1_263' title='bbox 332 3663 358 3715; x_wconf 81' lang='lat'>4.</span> <span class='ocrx_word' id='word_1_264' title='bbox 382 3658 413 3716; x_wconf 83' lang='lat' dir='ltr'>Si</span> <span class='ocrx_word' id='word_1_265' title='bbox 434 3657 523 3735; x_wconf 84' lang='lat' dir='ltr'>possit</span> <span class='ocrx_word' id='word_1_266' title='bbox 543 3657 668 3716; x_wconf 89' lang='lat' dir='ltr'>infidelis</span> <span class='ocrx_word' id='word_1_267' title='bbox 695 3660 751 3717; x_wconf 84' lang='lat' dir='ltr'>ista</span> <span class='ocrx_word' id='word_1_268' title='bbox 779 3656 890 3733; x_wconf 87' lang='lat' dir='ltr'>aliquid</span> <span class='ocrx_word' id='word_1_269' title='bbox 913 3657 1020 3714; x_wconf 93' lang='lat' dir='ltr'>bonum</span> 
     </span>
    </p>
   </div>
   <div class='ocr_carea' id='block_1_4' title="bbox 0 0 1252 4300">
    <p class='ocr_par' dir='ltr' id='par_1_7' title="bbox 0 0 1252 4300">
     <span class='ocr_line' id='line_1_34' title="bbox 0 0 1252 4300; baseline 0 0"><span class='ocrx_word' id='word_1_270' title='bbox 0 0 1252 4300; x_wconf 95' lang='lat' dir='ltr'> </span> 
     </span>
    </p>
   </div>
  </div>
 </body>
</html>
