2408 4304
156 369 225 432 450
518 345 573 412 De
590 347 725 414 Gratia.
819 385 825 398 =
949 347 1120 435 [11111111.

156 515 321 592 negandum
337 513 394 573 sit:
417 513 550 593 quamvis
569 533 622 573 nee
637 516 673 574 dc
687 535 878 592 quocumque
892 518 1003 591 merito,
1019 539 1074 579 nec
1086 521 1122 579 de

153 617 233 676 omni
256 619 374 693 peccato
397 615 428 673 id
454 615 571 674 videtur
591 615 804 676 universaliter
829 618 1045 692 affirmandum,
1075 623 1123 681 sed

151 716 366 796 proportionem
380 715 507 793 aliquam
527 716 665 792 prudenti
684 716 807 776 arbitrio
823 737 885 777 esse
899 720 1121 780 observandam.

151 819 279 878 Possunt
302 818 380 876 enim
401 817 593 894 praecedentia
618 817 723 877 merita
748 838 810 878 esse
830 824 893 878 tam
912 841 1017 897 pauca,
1034 827 1066 881 et
1078 827 1121 882 tot

150 924 267 997 peccata
280 923 378 996 postea
399 919 603 996 multiplicata,
619 923 653 978 ut
667 919 787 978 omnino
809 922 937 981 obruant
958 925 1077 998 merita,
1092 930 1122 983 et

151 1019 277 1078 efficiant
298 1023 333 1078 nt
354 1019 436 1078 nullo
459 1021 542 1078 modo
564 1021 661 1078 Deum
675 1021 712 1078 ad
726 1019 928 1080 miserendum
949 1028 1121 1098 provocent.

135 1115 241 1182 'Secus
262 1141 329 1181 vero
353 1121 418 1194 erit,
444 1121 469 1180 si
490 1142 506 1180 e
529 1121 672 1182 contrario
697 1122 806 1181 merita
827 1143 937 1200 magna
952 1124 1078 1197 fueiint,
1093 1131 1123 1183 et

98 1284 101 1290 ,
149 1226 300 1299 peecatum
314 1221 492 1298 subsequens
506 1227 536 1280 et
550 1241 647 1281 rarum
661 1221 700 1281 sit
709 1226 740 1280 et
751 1223 976 1284 exeusationem
990 1225 1121 1302 aliquam

150 1340 188 1380 ex
197 1319 361 1396 ignorantia
368 1320 416 1378 vel
429 1319 599 1379 infirmitate
609 1321 747 1379 habent.’'
770 1321 895 1394 Sunnnz,
907 1343 934 1380 n.
947 1323 975 1382 7.
1019 1324 1119 1389 Quan-

151 1421 255 1480 donam
276 1425 305 1480 et
327 1440 477 1498 quousque
499 1421 560 1480 haec
581 1421 624 1479 ita
641 1441 671 1478 se
690 1421 723 1478 in
743 1421 860 1481 casibus
888 1424 1120 1500 particularibus

150 1521 408 1598 habeantprorsus
421 1521 565 1580 incertum
589 1525 642 1580 est.
686 1521 757 1580 Sine
781 1523 874 1582 dubio
899 1528 1003 1584 autem
1027 1525 1118 1584 oratio

147 1625 223 1703 justi
235 1630 278 1697 111,
294 1627 318 1686 si
332 1624 476 1698 ceciderit,
492 1625 598 1684 iterum
613 1645 630 1683 a
644 1626 706 1684 Deo
720 1625 863 1701 erigatur,
880 1629 959 1687 bona
974 1632 1006 1688 at
1018 1629 1118 1688 landa·

150 1730 219 1790 bilis
232 1735 276 1791 est
291 1752 298 1804 ;
322 1735 351 1790 et
373 1749 439 1788 cum
454 1750 522 1789 vero
544 1729 608 1788 odio
632 1729 745 1808 peceati
760 1735 873 1790 atvero
893 1734 1048 1811 proposito
1062 1753 1118 1794 non

151 1831 290 1909 peccandi
303 1832 376 1891 bene
391 1836 522 1890 constare
535 1834 640 1908 potest.
717 1909 720 1915 Ι

194 1937 259 1994 161.
280 1933 423 2003 Quaritur
445 1933 486 1992 20.
507 1933 555 1990 An
578 1933 677 2008 justus
697 1933 790 2010 possit
800 1953 911 1995 merere
928 1955 1114 2012 perseveran-

153 2031 224 2092 tiam
235 2033 351 2092 finalem
363 2031 376 2090 1
421 2033 501 2109 Rcap.
519 2033 560 2090 10.
572 2033 796 2092 Perseverantia
813 2034 911 2093 activa
920 2036 1022 2096 finalis
1034 2039 1115 2096 nullo

150 2132 235 2192 modo
256 2152 366 2192 merere
389 2137 484 2210 potest
506 2151 557 2210 per
571 2151 657 2208 opera
678 2132 838 2216 singularia
859 2137 1039 2208 communia,
1065 2143 1115 2197 aut

150 2251 202 2310 per
216 2234 313 2294 eadem
322 2253 409 2311 opera
423 2233 459 2292 ad
468 2237 581 2310 tempus
591 2231 742 2292 definitum
756 2233 937 2308 continuata,
950 2239 995 2296 ita
1005 2244 1040 2296 nt
1050 2239 1114 2315 qnis

151 2353 203 2411 per
215 2333 278 2394 haec
292 2336 400 2394 mereat
411 2337 446 2392 ut
460 2333 594 2410 deinceps
618 2333 656 2392 ad
676 2333 765 2393 finem
784 2353 844 2392 non
858 2336 979 2395 amittat
989 2339 1113 2414 gratiam
1200 2325 1201 2356 r

151 2434 388 2494 sanctificantem.
428 2433 484 2492 Per
498 2453 583 2510 opera
596 2431 759 2492 communia
772 2433 904 2510 significo
915 2455 1004 2512 opera
1014 2457 1112 2497 eorum

152 2534 204 2612 qui
217 2538 320 2594 curant
333 2536 449 2592 tantum
463 2537 497 2592 ut
509 2537 626 2611 peccata
640 2531 739 2609 gravia
750 2533 892 2606 devitent,
905 2537 956 2594 sed
966 2537 1004 2595 de
1013 2537 1111 2596 altiori

153 2635 247 2713 gradu
271 2634 436 2694 sanctitatis
464 2635 663 2712 consequendo
689 2654 793 2711 parum
814 2635 935 2695 solliciti
958 2642 1037 2696 sunt.
1080 2639 1111 2698 Si

152 2737 219 2814 quis
228 2756 257 2798 v.
270 2755 298 2812 g.
310 2754 479 2813 perannum
494 2739 545 2794 ant
558 2735 656 2794 dacem
667 2754 756 2793 annos
769 2735 811 2793 ita
821 2735 912 2810 vivat,
924 2741 956 2796 et
968 2737 1110 2814 ejusmodi

83 2823 86 2832 ¹
151 2839 270 2894 tantum,
281 2854 367 2913 opera
379 2838 476 2911 ponat,
500 2833 554 2892 etsi
569 2854 619 2911 per
631 2854 664 2892 ea
675 2839 831 2909 augmenta
851 2836 956 2912 gratiae
970 2843 1001 2896 11
1014 2837 1110 2914 gloriae

151 2937 346 3011 mereat,quae
360 2934 493 2992 omnibus
513 2933 647 3010 operibus
663 2934 812 3011 justorum
836 2937 1110 3011 supernaturalibus

153 3559 240 3617 opera
264 3538 307 3597 ita
326 3551 443 3622 merere,
471 3557 595 3616 nequam
617 3538 778 3614 significare
798 3539 863 3598 volo
891 3541 980 3616 quod,
1009 3541 1102 3618 elapso

153 3642 281 3718 tempore
295 3657 352 3715 quo
362 3633 483 3712 airernit,
495 3659 524 3699 1.
535 3659 564 3716 g.
580 3639 726 3714 decennio,
737 3638 829 3700 vitam
835 3637 974 3720 deinceps
987 3639 1103 3702 otiosam

152 3033 317 3094 communia
339 3036 417 3106 sunt,
441 3033 607 3092 nullomodo
631 3039 729 3092 tamen
752 3052 892 3110 magnum
912 3035 989 3096 illud
1004 3037 1109 3096 donum
1200 3055 1201 3120 j

152 3135 374 3216 perseverantiae
389 3139 502 3204 meret„

195 3241 261 3297 162.
278 3237 321 3297 2⁰.
342 3237 441 3296 Potest
453 3241 552 3296 tamen
561 3237 635 3314 quis,
648 3257 700 3314 per
714 3257 798 3315 opera
813 3236 932 3312 eximia,
948 3240 1107 3317 praesertim

154 3337 179 3398 si
198 3339 229 3397 in
250 3337 287 3396 iis
305 3336 356 3396 diu
380 3336 524 3396 exercitus
545 3337 643 3410 fuerit,
667 3357 777 3398 merere
792 3338 828 3398 (11
842 3358 972 3414 congruo
992 3340 1107 3399 fallibili

152 3437 393 3516 perseverantiam
413 3437 539 3498 finalem.
579 3440 658 3497 Noto
684 3439 722 3496 1⁰.
743 3438 873 3498 Dicendo
893 3459 961 3498 enm
981 3461 1034 3518 per
1052 3441 1106 3500 iata
1200 3477 1201 3490 1

1196 3759 1201 3774 1

1200 3961 1201 3980 1

1200 4015 1201 4028 1
