2410 4314
119 404 206 448 msa.
231 380 273 470 1.]
432 383 592 448 Nationes
606 381 755 449 Pocaaz'ca.
1054 402 1071 462 5

120 549 245 608 debetur
259 549 309 627 (n.·
321 548 381 627 17).
422 550 502 608 Hine
515 533 621 626 corpus⁸
639 555 669 609 et
689 549 793 621 anima,
816 547 969 626 utriusqus
982 547 1073 607 facul·

120 651 207 721 tates,
223 667 415 726 quaecumque
428 669 480 726 per
502 650 574 709 istas
587 650 741 709 facultates
755 668 914 727 operamur,
929 647 1074 708 naturalia

121 752 202 808 sunt.
257 749 399 808 Naturale
427 748 510 809 nobie
533 749 705 809 esthabere
730 768 834 826 corpus
855 749 1017 807 humanum
1044 753 1074 806 et

120 848 248 906 animam
261 848 441 922 rationalem,
463 852 597 927 cogitare,
622 849 736 920 sentire,
761 849 943 921 manducare,
968 847 1071 916 ridere,

120 947 297 1021 contristari,
310 952 360 1008 &c
373 943 486 1023 Esrrus,
504 950 562 1026 in]2
573 949 624 1010 lib.
637 952 760 1010 sentent,
773 951 801 1007 d.
816 953 861 1019 19,
876 949 929 1028 §Q
946 951 976 1007 et
987 948 1011 1005 d.
1024 951 1071 1014 25,

121 1045 138 1126 ς
155 1053 188 1120 4;
205 1047 359 1107 Banneru.
376 1050 411 1108 de
425 1049 519 1125 gratia
532 1049 626 1127 prima
638 1050 773 1120 hominis,
790 1069 814 1108 c.
831 1055 866 1123 53
890 1049 1024 1120 Srnvrus,
1040 1046 1073 1104 iu

121 1150 226 1222 1part,
251 1166 280 1223 q.
305 1150 352 1217 95,
369 1167 394 1205 a.
411 1151 437 1220 l,
461 1167 549 1224 quaer.
566 1153 600 1220 2;
622 1149 789 1206 Mouraaun
814 1147 909 1225 (Gurs.
925 1147 1022 1222 Ocmp.
1037 1165 1068 1202 x.

118 1245 196 1322 24),
223 1246 374 1318 Peraean,
391 1247 426 1306 de
440 1247 502 1306 Deo
517 1247 612 1308 Oreat.
627 1267 656 1308 n.
673 1253 740 1306 338.

162 1349 189 1404 5.
211 1345 342 1405 Potestas
356 1345 544 1406 obedientialis
558 1349 594 1406 ad
608 1346 721 1424 aliquid
732 1345 911 1406 efficiendum
925 1345 956 1404 in
970 1365 1003 1405 eo
1018 1357 1071 1419 est,

120 1443 184 1519 qui,
198 1444 252 1502 etsi
266 1464 327 1503 rem
341 1445 428 1505 istam
441 1447 609 1506 nullomodo
624 1449 733 1506 efficere
747 1451 851 1524 potest,
869 1465 960 1522 capax
973 1450 1070 1504 tamen

118 1547 173 1616 est,
197 1548 302 1603 natura
325 1545 389 1622 ejus
413 1551 548 1606 manente
572 1548 681 1619 eadem,
707 1547 779 1606 alias
803 1547 957 1606 facultates
980 1564 1069 1602 novas

117 1643 285 1720 recipiendi,
316 1664 439 1721 quarum
466 1667 519 1723 ope
543 1666 605 1706 rem
626 1648 736 1706 efficere
758 1651 863 1724 potest.
915 1645 962 1705 Sic
983 1646 1069 1703 homo

117 1742 207 1802 etiam
220 1742 252 1802 in
266 1748 345 1804 statu
358 1749 471 1806 naturae
483 1765 563 1823 purae
573 1751 746 1824 potestatem
760 1727 879 1806 haberet
893 1745 1068 1806 obedientia·

116 1840 177 1901 lem
190 1843 284 1902 Deum
299 1843 438 1904 intuitive
453 1845 583 1920 ridendi,
609 1866 697 1924 quam
719 1867 778 1906 non
797 1847 886 1906 habet
900 1865 927 1904 r.
943 1866 970 1921 g.
991 1843 1066 1920 lapis

118 1946 172 2002 aut
185 1962 286 2020 equus.

159 2047 185 2102 6.
208 2043 338 2104 Potestas
346 2045 484 2120 proxima
507 2046 618 2122 aliquid
640 2046 744 2122 agendi
764 2047 797 2106 in
819 2066 852 2106 ec
877 2049 920 2106 est
944 2043 994 2122 qui
1016 2063 1069 2120 ope

116 2141 267 2202 facultatis
280 2163 367 2220 quam
392 2144 488 2218 habet,
511 2147 620 2222 absque
645 2146 700 2204 alio
723 2145 842 2218 auxilio,
868 2164 952 2221 agere
964 2145 1068 2220 potest.

116 2242 251 2301 Potestas
264 2249 369 2302 remota
392 2245 423 2302 in
446 2265 478 2304 ec
503 2251 545 2304 est
568 2247 651 2321 cujus
672 2247 824 2305 facultates
839 2247 997 2322 praesentes
1010 2260 1067 2300 non
1175 2235 1179 2244 ¹

117 2340 266 2400 sufficiunt
299 2343 336 2402 ad
362 2345 514 2419 agendum,
543 2345 592 2403 sed
626 2345 772 2404 sufficiunt
798 2345 835 2403 ad
862 2341 1067 2420 assequendam

116 2445 288 2517 potestatem
304 2445 464 2519 proximam
480 2443 593 2519 agendi.
646 2445 703 2516 sio,
728 2444 753 2502 si
775 2445 841 2522 quia
863 2443 958 2502 fidelis
973 2445 1066 2501 tenta·

115 2539 195 2599 tione
223 2541 306 2617 gravi
333 2542 529 2620 impugnetur,
557 2543 641 2621 cujus
668 2544 811 2621 impetum
838 2543 980 2602 sustinere
1008 2559 1065 2598 non

114 2645 219 2716 potest,
235 2641 359 2718 gratiam
373 2641 474 2702 orandi
495 2643 657 2720 proximam
682 2644 778 2717 habet,
806 2664 864 2720 qua
885 2644 981 2719 potest
994 2639 1065 2698 alias

114 2739 222 2815 gratias
235 2743 366 2818 proxime
376 2743 548 2803 sufficientes
557 2763 730 2820 comparare.
768 2743 824 2817 Sic,
836 2741 946 2802 inscius
954 2739 1065 2814 liuguae

113 2839 227 2900 Latinae
240 2861 298 2900 non
311 2847 407 2919 potest
427 2863 513 2921 opera
533 2842 680 2904 Ciceronis
700 2843 892 2921 interpretari,
909 2841 958 2900 sed
971 2839 1063 2898 scien·

113 2939 186 2998 tiam
200 2940 291 3018 hujus
309 2942 420 3019 liuguae
435 2943 530 3003 studio
542 2943 708 3022 accquirere
722 2947 827 3022 potest.
869 2943 1019 3012 Paaaoua,
1031 2957 1061 2994 n.

114 3043 182 3100 381.
206 3039 321 3100 Suanaz
355 3043 480 3121 (Proleg.
504 3049 531 3116 4,
553 3065 576 3103 c.
596 3048 620 3116 l,
637 3065 665 3104 n.
680 3045 712 3118 5)
736 3042 896 3122 potentiam
922 3043 1061 3100 remotam

112 3143 142 3197 et
165 3139 387 3201 obedientialem
413 3149 551 3221 tanquam
584 3145 726 3204 vocabula
756 3144 832 3203 idem
868 3139 1063 3218 significantia

113 3237 252 3299 adhibere
278 3240 404 3302 ridetur.
460 3245 532 3302 Haec
559 3243 708 3304 distinctio
736 3243 812 3302 clare
839 3242 1005 3300 insinuatur
1031 3238 1063 3296 in

112 3338 198 3398 Ocno.
215 3338 295 3398 Trid.
311 3360 376 3401 sees.
393 3347 419 3416 6,
436 3363 460 3402 c.
478 3347 510 3402 ll
527 3345 687 3403 2-“Deus
700 3341 889 3420 impossibilia
899 3359 956 3398 non
963 3339 1049 3416 jubet

112 3438 162 3498 sed
171 3439 302 3516 jubendo
316 3446 414 3502 monet
435 3446 465 3502 et
486 3443 579 3503 lacere
601 3445 678 3521 quod
700 3443 799 3520 possis,
822 3445 852 3502 et
872 3445 970 3518 petere
984 3437 1062 3516 quod

110 3557 170 3599 non
183 3540 290 3617 possis3
314 3545 344 3601 et
357 3543 404 3620 adj
410 3547 479 3602 uvat
492 3547 527 3602 ut
540 3543 664 3620 possis.”

151 3638 177 3698 7.
200 3640 284 3700 Sicut
306 3642 442 3717 naturale,
469 3644 585 3720 proprie
600 3648 630 3704 et
643 3643 804 3721 praesertim
824 3641 856 3700 in
881 3639 1002 3700 materia
1025 3639 1060 3697 dc
