2424 4300
190 420 249 463 120
552 397 607 462 De
625 378 754 462 Gr'oca.
995 397 1100 481 [orer.
1117 421 1148 464 v.

185 565 304 640 longum
324 565 448 639 tempus,
471 562 542 639 quin
561 562 678 640 aliquod
699 561 837 622 incurrat.
879 562 1016 640 Denique
1037 583 1149 642 suppo-

185 663 282 724 nimus
295 663 381 742 quod,
398 669 432 722 ut
446 663 530 722 homo
540 664 636 723 valeat
650 683 733 723 omne
746 667 897 740 peccatum
911 663 1025 724 veniale
1038 665 1149 738 vitare,

185 765 270 825 debet
289 763 422 824 exornari
444 784 476 823 ac
496 764 593 845 fnlciri
606 764 700 842 gratia
720 764 948 825 sanctificante.''
992 765 1152 826 Ssumarr.

185 866 214 926 a.
229 870 256 940 a,
269 885 299 924 n.
316 869 384 924 ara.
1210 859 1211 874 ¹

225 971 252 1026 4.
273 965 333 1026 Hic
347 969 399 1040 est,
416 966 493 1042 quod
511 965 618 1026 attinet
635 966 671 1025 ad
687 967 851 1044 presentem
870 965 1030 1040 materiam,
1054 987 1154 1026 canon

185 1072 222 1126 23
235 1067 320 1128 (lonc.
335 1067 415 1127 Trid.
432 1087 500 1127 sess.
516 1071 614 1126 6:-“
626 1067 659 1128 si
675 1068 741 1146 quis
762 1068 911 1128 hominem
927 1069 1017 1127 semel
1032 1067 1153 1146 justifi-

184 1173 280 1229 catum
295 1168 412 1242 dixerit,
432 1211 437 1229 .
452 1214 458 1230 .
472 1215 478 1230 .
492 1189 592 1247 .p0sse
605 1169 637 1227 in
648 1172 709 1228 tota
724 1169 785 1228 vita
798 1179 917 1247 peccata
934 1170 1040 1242 omnia,
1057 1170 1152 1230 ctiam
1210 1169 1211 1250 l

184 1267 319 1342 venialia,
334 1268 437 1342 vitare,
463 1268 521 1327 nisi
545 1289 583 1328 ex
601 1268 720 1346 speciali
743 1269 799 1328 Dei
817 1269 981 1345 privilegio,
1005 1272 1151 1347 quemad-

185 1370 303 1429 modum
323 1369 358 1429 de
377 1371 469 1430 Beata
482 1369 605 1446 Virgine
627 1374 707 1430 tenet
730 1370 869 1442 Ecclesia,
895 1371 1052 1430 anathema
1076 1371 1150 1432 sit.’'
1210 1435 1211 1448 χ

184 1470 227 1530 Ut
240 1489 273 1529 ea
286 1489 352 1547 quae
365 1468 414 1529 hie
429 1468 551 1528 definire
564 1469 661 1528 voluit
674 1472 704 1528 et
718 1469 851 1529 definivit
862 1469 1036 1542 Concilium,
1057 1473 1095 1530 ab
1108 1471 1150 1529 iis

184 1576 454 1649 secernanturquae
475 1590 533 1629 non
558 1575 627 1630 sunt
647 1571 775 1642 delinita,
798 1571 845 1630 vel
868 1571 980 1630 incerta
1003 1576 1078 1632 sunt
1097 1578 1153 1631 aut

184 1670 273 1732 etiam
286 1671 367 1745 falsa,
383 1671 444 1730 fere
459 1669 574 1746 singule
587 1669 704 1729 canonis
718 1672 806 1730 verba
820 1675 890 1730 sunt
904 1672 1098 1732 ennarrende.

225 1777 253 1831 5.
274 1773 292 1832 Ι
316 1773 502 1834 “Hominem
512 1770 738 1850 justificatum.”
781 1771 823 1830 10.
849 1771 1099 1849 Impotentiaista
1112 1773 1150 1833 do

185 1873 388 1933 omniomnino
398 1873 514 1934 homine
525 1893 598 1951 puro
609 1873 786 1933 affirmatur:
809 1874 887 1951 quod
897 1874 1044 1934 enimnon
1053 1878 1151 1952 potest
1210 1847 1211 1872 ¹

174 1998 177 2001 ·
181 1973 290 2050 justus,
307 1993 324 2032 a
341 1971 455 2031 fortiori
474 1973 569 2032 facere
589 1989 647 2030 non
663 1973 759 2048 potest
774 1975 915 2048 peccator.
957 1973 999 2032 2⁰.
1026 1972 1149 2050 Signifi-

185 2077 268 2134 catur
282 2073 375 2133 omnis
385 2073 491 2151 justus,
507 2073 596 2134 etiam
609 2072 725 2134 eximiae
740 2078 770 2133 et
784 2091 904 2132 summae
917 2073 1086 2134 sanctitatis
1099 2075 1150 2134 sed

187 2193 287 2235 carens
310 2174 482 2252 privilegio:
514 2175 593 2252 quod
619 2175 726 2235 diserte
740 2174 936 2251 exprimitur,
963 2192 1027 2252 cap.
1047 2179 1151 2235 11:-

189 2282 208 2312 “
219 2275 303 2336 Licet
316 2274 393 2336 enim
407 2275 439 2335 in
452 2276 507 2335 hac
520 2275 637 2337 mortali
650 2275 713 2336 vita
725 2276 901 2355 qccntcmcc'a
919 2275 1012 2336 sancti
1031 2279 1062 2336 et
1072 2276 1150 2353 justi

187 2377 220 2436 in
232 2375 309 2437 letis
322 2376 425 2437 saltem
439 2381 469 2437 et
481 2377 683 2454 quotidiana,”
697 2379 747 2438 &a
787 2377 828 2437 30.
850 2375 1040 2453 Significatur
1053 2377 1150 2437 omnis

184 2476 292 2554 justus,
306 2480 341 2538 ut
354 2497 421 2554 ergo
434 2477 544 2536 habens
559 2487 618 2536 non
631 2479 747 2536 tantum
764 2476 888 2554 gratiam
901 2475 1085 2536 habitualem
1099 2476 1151 2536 sed

188 2577 300 2638 auxilia
323 2576 457 2650 actualia,
484 2595 548 2656 qua
570 2576 711 2636 omnibus'
723 2575 813 2658 justis
836 2575 1055 2654 impertiuntur,
1083 2575 1150 2635 aliis

187 2678 256 2755 plus
271 2678 337 2738 aliis
351 2677 457 2737 minus.

225 2783 253 2838 6.
274 2779 320 2838 11.
351 2776 496 2838 “Posse''
544 2777 585 2836 10.
606 2777 728 2838 Justum
748 2777 853 2838 habere
874 2775 1028 2855 physicam
1051 2781 1150 2854 potee-

186 2883 276 2938 tctem
288 2877 402 2938 vitandi
418 2877 515 2936 omnis
528 2877 664 2952 venialia,
687 2882 717 2938 et
730 2877 796 2962 ideo
812 2877 1025 2956 impotentiam,
1043 2897 1105 2956 qus
1118 2898 1152 2938 ea

186 2977 299 3036 vitandi
313 2978 431 3050 laborat,
445 2996 507 3038 esse
521 2978 659 3038 moralem
670 2981 786 3038 tantum
798 2980 901 3038 tenent
914 2978 1152 3038 communissima
1210 3011 1211 3014 ¹

186 3077 322 3152 theologi.
363 3079 413 3136 Ita
433 3080 556 3150 Suram,
571 3079 592 3138 l.
608 3084 635 3152 9,
659 3097 682 3139 o.
700 3083 726 3152 8,
748 3099 778 3140 n.
797 3079 842 3152 16,
860 3081 914 3151 17;
937 3079 1059 3153 Hunno,
1076 3099 1106 3157 q.
1123 3085 1150 3148 2,
1210 3103 1211 3112 ¹

188 3197 213 3236 a.
235 3183 270 3250 5;
303 3177 453 3250 naaocx,
484 3179 555 3251 d.3,
585 3198 615 3237 n.
640 3183 701 3252 153
729 3181 817 3253 Vrvl,
844 3180 872 3238 d.
896 3184 922 3250 5,
951 3199 980 3255 q.
1004 3185 1032 3250 6,
1053 3199 1084 3238 n.
1110 3185 1152 3250 33
1210 3173 1211 3214 3

188 3278 345 3351 Aaronem
368 3279 572 3349 sarcasmum
595 3277 731 3353 Krnana3
753 3280 910 3353 Perseum
934 3281 994 3352 dra,
1008 3283 1071 3353 ece,
1086 3299 1152 3340 con·

190 3384 235 3438 tra
257 3379 489 3452 Sinnianae,
511 3382 633 3452 n..219;
656 3381 821 3442 Monrnerrn
845 3384 875 3440 et
898 3379 969 3440 alios
992 3379 1154 3460 (quantum

191 3479 290 3539 videre
303 3479 401 3557 potui)
416 3478 613 3556 paucissimos.

113 3646 115 3650 ,
234 3582 261 3641 7.
284 3581 327 3641 20.
350 3583 490 3642 Attamen
503 3580 632 3656 theologi
652 3580 697 3639 illi
716 3601 767 3658 per
789 3581 991 3658 impotentiam
1010 3583 1154 3644 moralem

196 3681 362 3758 significant
398 3681 634 3760 “impotentiam
668 3681 865 3759 simpliceter:
900 3701 968 3742 uam
1003 3701 1071 3742 cum
1100 3685 1154 3744 illa
