2410 4318
94 445 183 490 mer.
200 419 277 511 vm]
322 423 377 487 De
395 421 516 487 Gratia
531 421 630 508 Effic.
647 421 809 509 elSuffic.
988 441 1046 484 211

94 590 254 650 innocente
269 589 348 647 ultro
359 589 551 648 admittebant
571 589 696 647 liberum
710 588 873 660 arbitrium,
889 607 941 648 seu
955 590 1050 665 potes-

97 693 192 750 tatem
206 689 367 772 voluntatis
381 707 411 747 se
431 707 483 766 pro
502 687 590 748 libitu
604 688 641 747 ad
654 688 784 765 opposita
797 687 942 750 fleetendi.
983 686 1053 745 Peo-

97 793 165 848 oeto
179 793 277 848 autem
291 787 395 848 amisse
405 794 449 848 est
462 789 524 848 haeo
537 787 673 860 libertas;
695 789 764 848 adeo
778 792 820 862 ut,
837 789 927 848 donee
940 786 1055 846 aoeedet

96 887 254 965 impellens
276 888 334 948 ista
356 887 518 960 delectatio,
540 869 665 946 coelestis
688 888 805 947 trahens
828 887 860 946 in
881 887 989 945 bonum
1004 889 1056 944 aut

98 995 217 1047 terrena
230 987 349 1047 trahens
362 987 394 1046 in
409 987 529 1059 malum,
544 987 680 1046 voluntas
693 987 777 1064 quasi
790 990 908 1064 torpens
921 989 951 1045 et
964 1003 1055 1044 emor·

99 1093 155 1148 tua
165 1087 272 1164 jareet.
574 1067 578 1076 ’

143 1193 191 1248 59.
211 1189 255 1249 20.
277 1188 468 1248 Admiserunt
481 1187 604 1264 gratiam
617 1207 746 1266 parvam,
762 1207 850 1267 quam
864 1186 1054 1248 sufficientem

100 1289 253 1360 vocabant,
268 1306 328 1347 non
347 1286 417 1364 quia
437 1288 580 1348 sufficeret
594 1289 630 1346 ad
644 1288 788 1365 agendum
803 1287 852 1347 sed
866 1288 902 1346 ad
916 1287 1055 1364 quasdam

100 1387 265 1448 relleitates
288 1391 319 1447 ot
341 1387 544 1449 inelinationes
565 1388 602 1447 ad
626 1389 770 1464 agendum
792 1387 969 1448 excitandas.
1012 1386 1054 1447 3⁰.

103 1485 234 1547 Gratiam
248 1486 336 1547 etism
349 1488 492 1547 vorabant
504 1487 706 1562 sufficientem,
723 1487 774 1547 sed
787 1486 918 1547 absolute
931 1489 1055 1557 tantum,

102 1604 163 1645 non
176 1585 315 1646 relative:
337 1605 433 1664 supra,
449 1605 478 1646 n.
496 1590 542 1646 12.

145 1691 193 1747 60.
215 1687 390 1747 Certissima
410 1687 615 1747 abstinendum
629 1689 746 1747 estnon
766 1690 883 1746 tentum
897 1706 914 1746 e
928 1685 1058 1747 doetrinae

104 1786 257 1847 sedetiam
270 1787 355 1846 modo
375 1787 515 1865 loquendi
536 1787 717 1864 quorundam
735 1792 895 1860 auctorum,
921 1805 993 1864 quos
1013 1785 1058 1844 in-

105 1886 184 1947 dicat
198 1889 302 1960 Cnorx,
313 1886 335 1946 l.
351 1891 379 1959 3,
394 1906 460 1964 pars
474 1888 498 1960 Ι,
512 1907 542 1948 n.
558 1892 586 1959 4,
603 1892 632 1948 et
646 1887 777 1961 aliorum,
795 1887 847 1964 qui
861 1886 962 1946 dieunt
970 1885 1060 1963 justis

105 2005 165 2045 non
179 2005 291 2063 semper
300 1986 368 2044 dari
378 1985 501 2061 gratiam
515 1987 704 2046 sufficientem
713 1985 1058 2062 adservandapraeoepta,

106 2086 158 2146 sed
171 2105 283 2163 semper
296 2083 399 2162 offerri,
415 2085 580 2146 conditione
601 2087 775 2164 interposite
796 2085 923 2162 quadam
938 2084 1061 2144 absurda

107 2184 230 2246 actualis
250 2183 414 2260 largitionis
437 2185 525 2263 hujus
549 2187 661 2261 gratiae.
704 2187 829 2246 Omnino
850 2184 1008 2245 tenendum
1031 2187 1062 2242 et

108 2284 265 2344 dicendum
291 2288 335 2342 est
364 2286 488 2360 gratiam
517 2286 706 2346 suffioientem
738 2305 851 2364 semper
879 2285 969 2363 justis
990 2281 1061 2340 dari.

111 2384 279 2444 Secundum
302 2403 384 2460 prop.
410 2385 583 2458 damnatam,
606 2405 635 2444 n.
659 2386 705 2456 57,
734 2385 844 2444 “deest
865 2384 927 2443 illis
940 2379 1060 2459 gratia''

109 2483 271 2543 sufficiens:
306 2503 373 2560 ergo
396 2503 455 2543 non
476 2485 565 2557 deest,
592 2504 659 2562 ergo
680 2485 769 2554 adest,
806 2503 873 2558 orgo
894 2501 953 2541 non
984 2499 1062 2538 mere

110 2581 231 2641 offertur
243 2582 292 2642 sed
306 2583 440 2642 habetur.
483 2583 613 2643 Gratiam
627 2584 691 2642 dieo
704 2582 895 2642 sufficientem
910 2583 961 2638 aut
974 2599 1062 2655 prox·

110 2681 169 2741 ime
191 2684 243 2741 aut
264 2685 393 2742 remote:
416 2683 571 2741 nonenim
595 2702 707 2760 semper
720 2683 829 2741 habent
845 2679 922 2757 justi
941 2677 1065 2756 gratiam

110 2780 242 2859 proxime
252 2781 441 2841 sufficientem
454 2802 482 2842 v.
493 2801 521 2858 g.
535 2783 572 2840 ad
584 2802 702 2858 gravem
715 2785 906 2841 tentationem
925 2797 1063 2855 superan-

112 2881 179 2939 dam
196 2902 205 2951 ;
225 2879 285 2939 imo
299 2879 456 2956 saepissime
477 2898 536 2938 non
559 2881 778 2952 habent-Deo,
803 2898 854 2956 pro
879 2898 931 2938 sua
949 2875 1066 2936 infinita

112 2979 255 3056 sapientia
269 2982 299 3038 et
310 2979 450 3052 bonitate,
466 2978 509 3038 ita
523 2979 683 3051 ordinante,
698 2984 733 3039 ut
746 2999 798 3038 nos
812 2997 933 3056 semper,
948 2983 978 3038 et
991 2994 1064 3054 prae·

113 3078 213 3138 sertim
225 3079 257 3138 in
271 3078 414 3154 angustiis
427 3078 541 3151 nostris,
553 3079 589 3138 ad
600 3099 666 3138 eum
676 3081 886 3153 convertamus,
901 3077 953 3154 qui
963 3079 1066 3154 potens

113 3185 158 3239 est
171 3178 282 3256 eripere
294 3197 348 3237 nos
358 3179 393 3237 ab
407 3178 540 3237 omnibus
561 3176 798 3238 tribulationibus
812 3181 842 3236 et
855 3177 964 3254 eripere
988 3173 1063 3244 vult,

112 3283 151 3350 et,
175 3278 200 3338 si
223 3277 281 3356 ipsi
303 3295 356 3337 nos
378 3276 513 3351 velimus,
536 3275 731 3337 infallibiliter
752 3275 866 3353 eripiet.
918 3274 973 3334 Sed
996 3275 1066 3332 nota

113 3376 193 3438 diota
207 3395 303 3454 supra,
320 3395 350 3436 n.
366 3381 393 3435 6.
