2410 4318
167 401 229 486 258
547 390 602 462 De
619 387 749 460 Graan.
930 385 1031 479 [msa.
1049 412 1121 462 vm.

168 574 213 631 est
227 586 317 646 quare
336 567 432 642 legere
451 581 510 623 non
524 563 615 624 valeo.
658 561 715 621 Sed
728 560 753 620 si
766 579 819 638 ope
839 560 1000 638 perspieilli
1012 563 1084 622 boni
1096 566 1123 623 et
1201 585 1202 602 ¹

167 667 308 747 pellucidi
323 666 408 726 facile
427 665 522 742 legere
535 662 650 741 possim,
666 666 697 722 et
708 661 771 720 loeo
791 661 858 720 talis
875 661 1040 738 perspiailli
1053 664 1124 722 mihi

167 769 248 830 aliud
261 769 393 829 tradatur
412 767 566 826 obscurum
580 763 695 824 etmihi
713 765 854 840 ineptum,
869 782 936 822 eum
950 783 1010 841 quo
1030 765 1125 841 legere
1201 837 1202 840 Ἴ

167 891 226 932 non
253 889 388 947 possnm;
422 887 518 927 nonne
544 867 607 926 baec
636 865 807 943 impotentia
832 864 950 941 legendi
977 883 1040 925 non
1075 867 1126 925 soli

167 969 339 1032 hebetudini
373 967 522 1028 anulorum
556 985 687 1026 meorum
720 963 917 1042 perspiaillum
949 983 1029 1024 nnna
1064 985 1124 1042 ges·

166 1070 304 1144 tantiam,
341 1069 391 1129 sad
424 1067 513 1127 etiam
546 1065 603 1144 ipsi
629 1064 790 1142 perspieilli
819 1062 956 1136 defectui,
993 1071 1025 1124 et
1058 1065 1126 1124 huia

166 1172 302 1243 maxime,
329 1170 432 1230 merita
459 1165 659 1228 tribueretur?
708 1167 756 1226 Ita
788 1179 819 1225 et
847 1184 906 1224 non
935 1165 992 1224 soli
1021 1167 1125 1226 volun·

166 1273 222 1334 tati
250 1272 308 1333 ista
337 1270 431 1347 gratia
457 1267 599 1328 inefficaci
629 1265 748 1344 adjutae,
775 1265 824 1324 sed
852 1265 939 1324 etiam
968 1265 1029 1344 ipsi
1061 1287 1125 1343 grn-

167 1373 217 1433 tia
248 1369 466 1442 insufficientia,
502 1372 533 1428 et
567 1366 636 1426 huia
668 1365 806 1438 maxime,
834 1365 1004 1426 resistentia
1037 1368 1127 1426 tribui

167 1473 260 1533 debet
980 1470 983 1476 ’

210 1576 258 1630 63.
288 1571 393 1649 Urgent
410 1569 539 1648 quidam,
558 1566 704 1626 hominem
722 1565 875 1626 habentem
894 1564 983 1626 istam
1004 1569 1128 1644 gratiam

169 1671 359 1732 sufficientem
381 1690 440 1730 non
460 1670 525 1729 ideo
548 1688 605 1728 non
620 1685 726 1746 ponere
749 1673 846 1726 actum
868 1667 939 1744 qnia
960 1687 1022 1726 non
1035 1673 1128 1746 potest

170 1789 285 1849 ponere,
300 1771 350 1830 aed
365 1769 505 1848 quianon
519 1768 585 1827 vult
594 1785 709 1844 ponere.
745 1766 801 1826 sed
810 1785 907 1824 nonne
916 1765 999 1825 istud
1016 1768 1126 1826 “vult”

169 1870 336 1930 habendum
358 1873 460 1930 estex
480 1867 575 1945 gratia
598 1865 714 1939 efficaci,
737 1885 796 1925 non
815 1866 913 1925 minus
933 1870 1025 1944 atque
1048 1871 1129 1927 aetus

170 1967 256 2047 ipse?

212 2073 260 2128 64.
280 2068 367 2144 Reap.
393 2069 438 2128 II.
461 2067 497 2127 ad
520 2089 550 2128 n.
577 2071 626 2128 56.
677 2065 892 2126 Similitudines
918 2065 986 2126 istae
1013 2086 1129 2144 prorsus

170 2169 278 2246 ineptae
306 2172 388 2228 sunt.
439 2169 480 2228 10.
502 2167 587 2246 Ignis
611 2167 730 2245 quidem
757 2166 948 2227 communiter
974 2171 1006 2227 et
1028 2169 1129 2228 merito

172 2269 280 2329 dieitur
294 2285 355 2328 esse
375 2267 518 2328 sufficiens
538 2269 575 2327 ad
588 2267 823 2340 comburendum,
839 2271 869 2326 et
881 2266 965 2344 panis
984 2269 1024 2326 ad
1037 2269 1129 2327 nntri-

172 2371 290 2444 endnm‚
306 2369 361 2430 etsi
374 2369 493 2448 insuper
512 2369 678 2448 requiratur
697 2369 852 2447 applicatio
872 2368 949 2445 ignis
962 2373 992 2429 et
1006 2370 1129 2429 mandu-

172 2471 248 2532 eatio
261 2470 363 2549 panis;
380 2470 450 2547 quia
463 2469 655 2530 communiter
668 2473 871 2546 supponuntur
881 2488 965 2528 casus
977 2469 1010 2528 in
1025 2469 1131 2546 quibus

173 2573 256 2634 adest
275 2571 406 2650 potentia
425 2572 562 2649 expedita
585 2573 615 2630 et
635 2571 778 2647 completa
799 2569 964 2648 appliaandi
981 2570 1084 2647 ignem
1103 2575 1131 2630 et

174 2692 289 2750 panem.
331 2671 387 2732 Sed
401 2670 430 2730 id
444 2690 595 2748 nunquam
608 2671 797 2730 affirmaretur
809 2669 841 2728 in
855 2669 969 2730 casibus
982 2669 1132 2748 inquibus

174 2791 232 2832 non
246 2775 322 2832 esset
335 2771 402 2830 talis
415 2771 554 2848 potentia.
595 2771 640 2830 De
653 2771 721 2848 igne
740 2773 792 2830 aut
804 2789 878 2846 pane
897 2789 976 2830 nnna
990 2773 1023 2830 in
1037 2771 1132 2832 Galba

176 2871 321 2931 existente
334 2871 402 2947 quis
417 2871 571 2930 affirmaret
584 2890 651 2930 eum
670 2889 749 2930 nune
761 2871 890 2930 sufficere
909 2870 947 2930 ad
960 2871 1132 2930 comburen-

176 2973 246 3030 dum
260 2974 312 3030 aut
324 2971 512 3030 nutriendum
531 2971 563 3030 in
579 2968 748 3030 Hibernia?
787 2971 836 3029 Ita
849 2974 879 3030 et
892 2970 928 3030 de
941 2970 1052 3047 gratia:
1074 2971 1131 3030 anf·

175 3069 287 3131 finienti
308 3069 496 3143 Themistiaa,
518 3089 606 3148 quam
629 3089 707 3129 nana
730 3071 821 3130 habeo
845 3070 958 3138 adhoc
982 3071 1033 3131 vel
1059 3069 1131 3130 illud
1200 3073 1201 3076 ’

175 3172 354 3249 praeceptum
364 3169 555 3247 implendum,
566 3189 625 3228 non
638 3169 730 3247 magis
742 3169 804 3230 sine
814 3168 1003 3247 praemotiona
1011 3169 1132 3248 physica

174 3270 221 3330 uti
244 3289 369 3348 possum,
393 3288 452 3329 non
473 3268 565 3345 magis
585 3269 614 3328 ei
637 3270 737 3330 cedere
757 3289 882 3348 possum,
905 3288 994 3347 quam
1015 3289 1130 3347 possnm

175 3389 254 3430 nnna
268 3371 412 3448 applicare
425 3370 523 3446 ignem
537 3373 589 3429 aut
599 3370 773 3430 manducare
785 3389 889 3448 panem
902 3369 1024 3428 nuncin
1039 3369 1131 3430 Gallia

175 3469 357 3532 existentem.

218 3575 266 3630 65.
281 3569 323 3630 2⁰.
346 3572 391 3629 De
405 3569 473 3647 igne
487 3573 516 3630 et
526 3588 600 3647 pane
620 3567 729 3629 dieitur
748 3568 781 3628 in
800 3587 906 3644 genere
920 3587 968 3629 eos
978 3587 1041 3629 esse
1055 3568 1127 3629 suffi-

177 3668 285 3730 cientes
297 3669 334 3728 ad
347 3669 572 3730 comburendum
586 3669 833 3730 antnutriendum
845 3688 852 3730 :
874 3669 925 3729 sed
937 3688 1053 3748 semper
1065 3688 1128 3747 sup·
