2410 4314
174 389 216 448 44
543 367 598 434 De
621 366 752 433 Gracc.
981 368 1089 452 [urse.
1107 389 1141 448 rr,

174 533 271 609 plures
291 533 429 610 reliquiar
450 534 577 594 scientiae
598 533 747 608 religionis
770 531 913 590 naturalis
937 551 1140 606 conservasse,

174 651 239 710 quae
253 635 285 692 in
299 637 376 693 stetu
387 638 498 694 naturae
509 655 590 712 purae
605 635 700 694 forsan
712 652 771 692 non
785 636 888 705 essent,
901 633 949 693 rel
964 634 1042 694 adeo
1055 635 1140 694 clarae

174 736 203 791 et
216 737 301 793 certae
315 753 373 792 non
388 739 490 794 essent.
533 735 605 793 Dixi
628 740 646 800 ‘,‘
658 733 830 805 naturalie‚''
852 731 924 809 quia
943 733 980 792 dc
995 734 1141 810 religione

174 833 388 909 supernaturali
402 834 449 893 hio
463 852 521 894 non
535 838 705 911 potestesse
720 833 851 910 quaeetio.

213 932 286 991 tec.
310 933 365 992 Sed
379 932 518 1010 quioquid
533 934 568 996 de
579 934 633 992 hoc
648 933 764 1004 dicitur,
779 935 840 991 tota
854 932 1061 992 controversie
1076 935 1140 1012 (aut

174 1030 275 1092 saltem
296 1031 457 1109 praecipue)
478 1052 542 1109 quae
556 1032 604 1091 hic
624 1035 757 1091 moretur
776 1033 853 1091 inter
870 1031 1022 1107 theologos
1038 1037 1088 1092 est
1107 1035 1139 1092 de

174 1131 414 1206 concupiscentia.
469 1133 618 1192 Senmsrr.
635 1134 735 1191 tenent
748 1131 824 1190 vires
839 1130 966 1189 hominis
981 1132 1065 1209 lapsi
1080 1153 1139 1192 esre

173 1230 327 1290 debiliores
350 1232 461 1292 viribus
481 1237 593 1292 return
614 1251 705 1310 purae,
721 1235 751 1292 et
772 1233 804 1290 id
823 1232 982 1291 intrinseoe
1004 1237 1036 1292 et
1060 1235 1138 1293 omni

174 1330 335 1390 tentatione
349 1331 491 1390 diabolica
505 1333 541 1390 ab
562 1352 595 1390 eo
616 1332 762 1406 relegate3
787 1335 817 1390 et
837 1350 889 1407 pro
910 1331 964 1390 hac
987 1335 1138 1395 sententia

171 1430 231 1489 fere
252 1431 360 1506 viginti
381 1437 494 1492 veteres
516 1437 647 1492 auctores
669 1432 780 1491 citant:
803 1450 833 1491 n.
851 1437 919 1504 256,
936 1436 1007 1505 282,
1028 1435 1137 1512 Confir-

172 1534 270 1589 mctur
284 1531 389 1606 primo,
406 1533 472 1602 287,
495 1532 647 1591 Ultimum:
668 1531 728 1590 vid.
751 1537 781 1590 et
801 1532 947 1603 Brennus,
964 1532 994 1590 d.
1018 1537 1048 1605 2,
1066 1553 1096 1610 q.
1109 1539 1135 1604 5,

175 1648 200 1688 a.
224 1634 252 1688 4.
305 1632 377 1688 Eam
403 1651 519 1708 quoque
540 1631 617 1690 inter
637 1629 809 1690 recentiores
832 1630 962 1707 amplexi
986 1635 1061 1691 sunt
1081 1652 1135 1691 non

172 1727 259 1803 pauci
272 1730 437 1806 ceteroquin
451 1730 520 1789 boni
542 1734 572 1789 et
592 1729 670 1788 docti
691 1733 830 1800 suctores,
846 1734 882 1787 ut
897 1733 1051 1802 Assorus,
1070 1751 1094 1790 o.
1109 1737 1134 1802 2,

173 1845 199 1883 a.
226 1831 260 1897 3;
288 1827 456 1900 Tornrnnr,
481 1849 509 1906 q.
533 1834 560 1900 2,
581 1849 607 1888 a.
628 1834 655 1901 3,
679 1829 790 1905 Objeet.
813 1847 851 1886 ex
873 1829 1038 1904 concupisc.
1051 1851 1060 1902 ;
1089 1833 1137 1889 dc.

172 1923 247 1997 Alii,
263 1927 469 2018 uthnrmr,
485 1929 513 1988 d.
526 1930 553 2000 2,
569 1947 593 1986 a.
606 1933 634 1998 3,
651 1927 732 2000 Dico,
744 1947 806 1987 enm
821 1925 1006 1986 debilitatem
1020 1929 1134 1988 extrin-

77 2057 87 2074 ·
173 2043 265 2083 secam
290 2031 402 2099 vocant,
426 2046 491 2104 quie
512 2046 564 2104 pro
585 2027 740 2086 intrinseca
763 2027 919 2086 haberetur
943 2046 960 2084 a
986 2027 1083 2086 Seuer.
1107 2033 1134 2087 et

172 2141 271 2183 revera
298 2125 449 2186 tulisset:
480 2125 530 2185 alii
557 2127 621 2186 aliis
648 2126 741 2186 modis
767 2125 859 2200 magis
886 2124 975 2183 etiem
1004 2128 1135 2186 obscuris

173 2220 343 2299 loquuntur.

217 2323 291 2382 *Sd
312 2323 396 2382 Nihil
418 2329 462 2385 eet
482 2327 512 2384 in
532 2325 587 2384 hac
610 2324 731 2384 materie
758 2323 911 2383 definitum
933 2325 969 2382 ab
990 2325 1133 2385 Ecclesia.
1177 2327 1178 2334 ’

175 2427 388 2499 Argumentum
403 2425 480 2502 quod
494 2425 639 2501 profertur
653 2444 690 2483 ex
704 2443 785 2501 prop.
802 2428 838 2481 55
853 2424 919 2482 Baii
934 2423 1076 2484 damnata
1092 2427 1132 2503 (n.

175 2526 227 2602 41)
254 2524 403 2583 infirmum
431 2532 481 2584 est.
536 2524 651 2583 Exinde
678 2525 796 2601 quidem
824 2523 956 2600 sequitur
983 2524 1133 2584 hominem

173 2623 300 2701 potuisse
315 2624 405 2684 creari
418 2624 450 2682 in
464 2625 564 2683 eodem
578 2629 658 2684 stetu
672 2626 803 2703 (dempto
815 2623 947 2701 peceato)
961 2623 991 2683 in
1008 2644 1068 2701 quo
1083 2647 1133 2684 nos

176 2725 330 2796 nascimur,
345 2731 375 2783 et
388 2744 454 2801 ergo
469 2726 530 2785 sine
543 2726 646 2802 gratio,
663 2729 723 2798 dcc,
741 2745 806 2784 eum
820 2726 1064 2801 concupiscentie,
1083 2730 1131 2788 &c

176 2827 234 2886 Sed
247 2845 306 2884 non
320 2828 452 2902 sequitur
466 2829 585 2887 eandem
599 2829 659 2886 fore
672 2827 733 2886 rim
748 2830 777 2886 et
790 2826 963 2902 gravitatem
977 2829 1132 2905 concupis·
1177 2847 1178 2852 ¹

176 2925 277 2984 centiae
292 2925 323 2983 in
333 2929 456 3002 utroque
472 2930 559 2988 stetu.
585 2928 615 2987 N
616 2927 739 2986 csoimur
750 2945 847 2985 omnes
859 2927 890 2984 in
900 2927 999 2985 eodem
1009 2930 1093 2987 statu
1104 2933 1131 2988 et

90 3099 91 3103 Ἰ
175 3044 242 3084 cum
255 3024 504 3102 concupiscentie:
528 3027 578 3086 sed
591 3025 771 3104 experientia
791 3025 975 3084 notissimum
994 3029 1040 3085 est
1059 3027 1131 3086 elios
1177 3033 1178 3048 l

175 3123 241 3183 aliis
261 3124 347 3200 longe
367 3124 470 3184 acriori
490 3129 520 3186 et
542 3125 749 3186 vehementiori
771 3124 1005 3202 concupiscentia
1024 3131 1132 3186 nature

176 3224 291 3284 affectos
305 3245 374 3286 esse.
416 3225 483 3285 vid.
499 3225 603 3299 Onorx,
619 3228 654 3286 de
668 3226 806 3298 Pometia,
819 3246 848 3284 n.
865 3226 910 3290 73.

215 3325 288 3390 ⁴⁶87.
311 3330 451 3388 Attamen
465 3328 557 3388 multo
571 3328 753 3405 probabilior,
771 3347 835 3404 quae
850 3327 937 3386 etiam
951 3328 1131 3387 communior

176 3445 236 3485 esse
256 3427 380 3500 ridetur,
397 3429 541 3488 sententia
562 3429 685 3488 affirmat
705 3427 968 3504 concupiscentiam
989 3447 1050 3486 non
1069 3447 1129 3487 esse

175 3527 336 3603 graviorem
349 3528 381 3587 in
395 3533 492 3589 nostro
506 3535 585 3588 statu
599 3550 686 3606 quam
700 3529 804 3587 fuisset
823 3528 855 3586 in
869 3531 974 3587 natura
987 3548 1079 3605 pura3
1101 3533 1129 3587 et

174 3625 289 3702 idcirco,
305 3646 370 3688 cum
385 3628 491 3688 dicitur
505 3629 649 3687 hominem
664 3629 777 3704 lapsum
790 3646 841 3703 per
854 3631 1006 3703 peccatum
1020 3627 1125 3704 origin-
