2410 4318
64 430 168 478 msa.
184 405 243 497 va]
293 406 349 478 Da
366 408 486 479 Gratia
501 407 593 480 Med.
610 413 673 480 atat
685 409 899 503 Elam-neg.
980 415 1036 503 185

67 599 185 639 eornm
198 581 361 657 caynacaah‘a
374 581 450 642 eos.''
494 583 578 642 Notae
593 603 659 659 crgo
673 583 737 641 'illae
758 583 864 643 debent
877 595 938 644 esse
951 585 1041 643 sensi·

69 681 159 740 biles
173 685 210 754 et,
227 682 258 739 in
273 683 383 742 ratione
404 682 578 760 argumenti,
595 683 769 744 decretoriae.
813 684 922 746 Ocnseo
943 689 1040 746 autem

67 781 201 840 fructus
227 781 365 841 falsorum
392 785 597 860 prophetarum
624 805 682 843 non
706 805 766 844 esse
794 785 868 844 solas
895 783 986 844 vitam
1012 791 1041 845 et

69 881 247 939 doctrinam
262 902 361 941 eorum
374 885 488 956 malam,
505 905 557 944 nec
571 885 658 944 etiam
681 885 808 944 inanime
827 889 878 943 ant
891 885 1039 966 primario.

69 979 206 1039 Possent
220 981 297 1040 enirn
321 982 412 1041 vitam
436 984 540 1042 malam
566 989 596 1045 et
616 1005 663 1044 cor
677 1005 694 1042 a
710 987 771 1044 Deo
785 1005 900 1061 prorsus
914 985 1041 1044 alienum

72 1079 140 1137 sub
163 1079 378 1140 “vestimentis
399 1081 496 1140 orium
508 1081 526 1111 ’'
549 1083 583 1140 ad
605 1087 727 1158 tempus,
743 1081 801 1140 imo
815 1082 901 1156 longo
915 1087 1041 1160 tempore

73 1180 111 1235 et
143 1179 233 1237 etiam
259 1200 310 1256 per
328 1183 418 1238 totam
441 1181 532 1239 vitam
558 1181 626 1258 (etsi
648 1182 701 1238 hoc
723 1181 815 1238 rarius
835 1181 910 1258 fiat),
932 1183 1041 1254 celarc;

73 1278 251 1354 superbiam
266 1279 355 1338 animi
370 1283 529 1340 tumentem
543 1283 596 1340 sub
611 1281 705 1356 specie
720 1301 831 1338 morum
843 1282 1040 1353 demissorum,

72 1381 116 1435 ut
132 1397 150 1436 a
164 1383 208 1437 tot
226 1378 247 1438 J
249 1379 402 1440 ansenistis
423 1381 534 1439 lactum
557 1387 618 1454 est3
641 1379 793 1439 libidinem
817 1379 937 1438 effusam
948 1380 1041 1438 occul-

77 1481 147 1535 tam
176 1480 229 1538 sub
260 1480 353 1557 specie
382 1481 520 1540 sermonis
548 1481 640 1554 sancti
668 1485 698 1540 et
724 1479 862 1556 religiosi,
886 1485 915 1540 et
941 1479 1042 1539 vallils

77 1579 210 1639 modesti
232 1585 262 1640 et
285 1581 371 1640 etism
396 1584 497 1641 severi.
538 1583 660 1641 Possent
683 1582 754 1640 item
769 1581 926 1640 doctrinam
940 1581 1041 1640 falsam

75 1684 111 1738 et
127 1679 320 1757 perniciosam
341 1683 508 1759 praedicare,
535 1700 600 1759 quae
624 1685 723 1740 tamen
744 1701 803 1739 non
826 1685 870 1740 est
890 1679 1042 1738 manifesto

77 1780 162 1854 tulis,
192 1780 251 1839 imo
278 1801 345 1859 quae
372 1782 495 1841 indoctis
516 1785 546 1842 et
566 1781 751 1841 instabilibus
771 1781 992 1839 fundamentum
1012 1779 1042 1836 in

79 1879 239 1958 Scriptura
260 1901 319 1941 non
342 1882 407 1942 leve
431 1883 537 1941 habere
553 1882 720 1941 videretur:
744 1881 841 1958 qualis
855 1883 899 1938 est
913 1878 1044 1937 doctrina

75 1978 302 2056 justificationis
322 1999 373 2056 per
386 1980 473 2038 fidem
487 1981 576 2038 sclam
589 1979 747 2037 habendae:
770 1978 829 2036 vid.
845 1977 872 2036 d.
890 1979 934 2050 la,
947 1996 976 2036 n.
992 1978 1040 2046 70,

80 2085 133 2138 95.
191 2081 298 2140 Censeo
326 2079 418 2154 igitur
441 2081 555 2139 fructus
579 2079 718 2140 falsorum
745 2080 960 2157 prophetarum,
990 2077 1042 2155 qui

79 2180 291 2239 universaliter
302 2183 331 2240 et
344 2179 375 2238 in
389 2179 466 2238 omni
486 2200 553 2238 casu
568 2200 597 2239 se
611 2179 738 2257 produnt
760 2187 794 2238 ut
814 2181 897 2254 signa
918 2183 996 2238 certa
1014 2185 1043 2237 et

81 2277 497 2355 clara,quibusprophetaeilli
514 2277 1043 2356 “cognoscuntur'’essofalsi,[fruclns

82 2398 147 2436 csse
163 2377 229 2436 illos
252 2379 391 2455 publicos,
409 2378 461 2454 qui
484 2377 514 2434 in
529 2397 629 2436 eorum
650 2378 826 2452 sequacibus,
844 2376 942 2435 statim
957 2381 1043 2452 atque

82 2477 115 2535 in
131 2483 238 2537 sectam
252 2497 303 2536 seu
317 2498 420 2554 corpus
434 2477 603 2536 distinctum
623 2477 780 2535 coalescere
801 2475 956 2552 incipiunt,
972 2475 1041 2533 effe-
1112 2489 1114 2494 ’

82 2575 204 2630 runtnr.
248 2571 330 2630 Sicut
344 2571 421 2631 enim
444 2571 526 2646 signa
550 2575 633 2628 erant
656 2589 708 2646 per
722 2588 752 2626 se
766 2568 920 2626 manifesta
934 2568 1041 2625 divinae

83 2671 233 2729 missionis
254 2671 460 2748 Apostolorum
484 2672 595 2728 fructus
610 2689 708 2727 eorum
723 2667 944 2744 praedicationis,
960 2668 993 2725 in
1005 2667 1043 2725 iis

85 2772 139 2849 qui
150 2791 202 2848 per
216 2783 278 2831 cain
292 2773 363 2831 facti
377 2777 447 2830 snat
461 2771 626 2844 Christiani,
644 2789 749 2845 magna
763 2773 932 2828 etccnstans
946 2767 1043 2826 unitae

85 2873 117 2930 in
132 2871 231 2930 eadem
245 2873 310 2944 fide,
323 2873 448 2931 charitas
461 2872 588 2929 fraterna
601 2871 703 2929 ardens
717 2865 746 2929 et
760 2869 917 2941 fructifera,
932 2867 1044 2946 puritas

85 2971 166 3042 vitae,
182 2971 326 3048 patientia
339 2969 512 3049 injuriarum
528 2973 557 3028 et
571 2969 820 3039 contumeliarum,
843 2967 1041 3038 mansuetudo,

86 3071 260 3144 obedientia,
297 3074 347 3130 dac.
359 3093 366 3144 ;
404 3071 447 3131 ita
477 3071 555 3129 inter
590 3069 750 3147 discipulos
786 3069 1042 3128 haeresiarcharum

87 3177 222 3232 crescunt
234 3173 338 3232 horum
352 3172 481 3231 omnium
495 3172 608 3231 fructus
622 3171 774 3243 contrarii,
791 3171 824 3228 hi
837 3170 866 3228 in
880 3170 937 3242 his,
953 3168 1000 3227 illi
1012 3169 1043 3227 in

30 3341 34 3349 ⁴
87 3271 157 3344 illis,
173 3273 260 3332 multi
274 3276 305 3332 in
319 3273 461 3344 omnibus,
478 3292 575 3330 omnes
599 3272 630 3330 in
653 3271 770 3344 maltis3
793 3270 926 3347 perpetui
949 3268 1044 3328 flexas

90 3377 118 3430 et
134 3372 309 3432 variationes
331 3373 362 3431 in
382 3373 448 3443 fide,
475 3372 549 3442 odia,
576 3371 635 3444 irae,
661 3371 778 3443 invidae,
795 3370 948 3440 tumultus,
969 3369 1042 3427 sedi·

89 3469 191 3540 tiones,
205 3470 324 3548 rapinae,
342 3471 442 3541 caedea,
458 3469 607 3529 effrenatae
629 3489 741 3528 morum
757 3469 1045 3546 depravationes-et

90 3570 312 3648 haealiqaando,
333 3577 367 3631 ut
390 3573 421 3630 in
445 3572 545 3631 multis
566 3571 753 3644 dansenistisJ
764 3590 817 3648 per
829 3569 1043 3630 simulationem

92 3669 261 3731 inducendae
288 3691 370 3732 norae
390 3678 420 3732 ct
446 3671 597 3732 severioris
623 3671 732 3748 regulae
756 3689 878 3742 morum,
907 3673 957 3730 dc.
1006 3671 1046 3728 Et·
