2408 4304
166 405 229 483 448
530 393 586 460 Do
603 389 740 460 Gratia.
968 381 1068 476 [mss.
1083 403 1136 454 xit.

167 567 289 627 eundem
303 563 415 624 nullam
434 581 556 642 poenam
576 561 684 622 habere
697 559 846 620 luendam
861 577 917 637 pro
929 561 1060 636 peccato,
1076 561 1137 616 turo

167 666 244 726 nihil
258 665 370 726 cbtiuet
383 664 468 723 modo
482 661 692 738 satisfactionis.
736 660 798 721 sed
818 659 940 720 obtinet
953 661 1139 735 augmentum

169 767 273 844 grstiae
296 768 327 824 et
350 763 450 842 glorie
473 761 648 840 respondens
671 759 765 820 valeri
787 759 889 837 operis
903 757 1074 819 meritorio:
1094 775 1140 814 neo

169 867 265 945 majus
279 866 394 927 obtinet
406 885 445 925 ex
458 884 491 925 eo
506 863 583 942 q'uod
596 862 673 922 nihil
692 861 826 923 obtinuit
847 881 993 939 peropus
1007 863 1043 919 ut
1056 859 1141 934 impe

169 965 324 1027 tratorium
338 970 390 1026 aut
409 962 650 1038 satisfactorium
671 981 725 1023 neo
745 962 849 1022 minus
870 960 1063 1034 obtinuisset,
1080 959 1142 1018 siet

170 1072 354 1151 impetrasset
367 1075 398 1132 et
411 1069 608 1131 satisfecisset.

214 1177 281 1232 155.
304 1170 453 1249 Quicquid
467 1188 535 1246 ergo
549 1168 658 1230 dicitur
668 1168 704 1229 dc
716 1167 773 1229 isto
788 1169 876 1228 modo
891 1167 1025 1228 narona·
1037 1165 1141 1243 glutias

171 1272 299 1334 actuales
314 1272 357 1351 (n.
374 1270 455 1350 152),
470 1274 582 1330 certum
596 1272 642 1330 est
654 1287 738 1329 omne
752 1289 827 1347 opus
847 1267 1055 1340 meritorium,
1072 1287 1140 1345 qus·

174 1379 261 1434 tenus
282 1377 327 1434 est
346 1370 588 1450 impetratorium,
614 1371 766 1448 impetrare
788 1370 899 1447 gratias
913 1367 1096 1430 necessarius
1108 1368 1139 1426 ad

171 1472 291 1534 vitanda
312 1471 414 1550 gravia
439 1473 565 1548 peccata.
619 1469 685 1531 Hoc
708 1470 744 1531 de
768 1471 901 1531 oratione
924 1470 1086 1548 imprimis,
1107 1487 1139 1528 ex
1189 1521 1192 1550 ,

171 1572 266 1647 dictis,
281 1571 469 1632 manifestum
483 1575 536 1633 est.
578 1569 644 1644 Sed,
656 1569 733 1630 sicut
746 1571 886 1632 convenit
898 1570 981 1632 inter
995 1568 1139 1646 theologos

173 1693 259 1735 omne
286 1673 360 1753 opus
386 1672 566 1733 meritorium
589 1691 651 1732 esse
677 1672 904 1733 satisfactorium
933 1671 1045 1751 (Leno,
1074 1671 1138 1730 ibid.

177 1793 208 1836 n.
223 1777 285 1851 41),
301 1774 344 1835 ita
356 1793 459 1835 censeo
480 1773 586 1844 omnia,
600 1774 653 1832 aut
665 1772 768 1832 saltem
781 1773 934 1851 pleraque,
952 1792 1045 1850 opera
1057 1769 1137 1831 meri·
1192 1829 1193 1854 ἕ

177 1874 254 1934 toria
267 1893 328 1936 esse
346 1875 443 1947 etiam,
469 1875 501 1933 in
524 1876 592 1934 actu
615 1873 743 1933 exercito
756 1872 856 1933 sinon
878 1873 911 1932 in
932 1879 1005 1934 actu
1019 1874 1137 1950 signeto,

177 1972 385 2052 impetratoria.
440 1973 500 2041 Qui
533 1973 611 2034 enim
636 1973 709 2034 facit
735 1993 808 2050 opus
835 1973 1022 2034 meritorium
1051 1973 1136 2052 (fidei,

176 2073 289 2148 amoris,
306 2073 498 2150 contritionis,
512 2073 751 2147 mortificationis,
775 2074 853 2152 ta),
869 2094 903 2134 eo
916 2073 983 2152 ipso
998 2073 1139 2152 significat

177 2192 207 2233 se
220 2175 295 2235 velle
304 2175 367 2238 Deo
381 2173 501 2252 obsequi
514 2193 572 2234 non
582 2174 676 2234 solum
688 2173 776 2235 hicet
785 2193 866 2235 nunc
876 2176 926 2236 sed
941 2175 1136 2254 inposterum,

178 2273 314 2334 et‘vitem
327 2274 432 2335 ducere
445 2275 507 2335 Deo
521 2278 643 2351 gratam,
665 2277 696 2334 et
718 2273 785 2334 ideo
805 2273 901 2335 vitare
913 2279 1015 2336 omniu
1027 2281 1137 2354 peccatu

145 2395 148 2403 ·
179 2375 282 2436 saltem
294 2374 403 2453 gravia,
419 2373 497 2452 quod
512 2375 585 2434 bene
598 2373 681 2434 novit
695 2393 725 2434 se
740 2373 802 2435 sine
815 2375 940 2436 auxiliis
951 2377 1067 2437 idoneis
1086 2397 1136 2436 non

178 2470 271 2554 pesse.
313 2475 407 2552 Opera
420 2493 488 2550 ergo
502 2473 555 2533 ills
566 2473 616 2551 pia
629 2477 659 2534 et
672 2473 824 2534 meritoria
836 2479 883 2535 tot
896 2481 968 2536 sunt
980 2477 1137 2538 virtualiter

179 2574 335 2654 petitiones
358 2593 410 2652 pro
431 2573 550 2633 auxiliis
574 2574 677 2650 gratim
705 2575 742 2633 sd
769 2575 842 2634 bene
866 2575 1040 2638 vivendum.
1078 2580 1137 2638 Imo

180 2699 281 2740 censeo
313 2678 413 2738 fideles
432 2678 528 2756 justos
556 2677 588 2736 in
623 2677 710 2736 bonis
731 2678 866 2755 operibus
887 2680 1032 2743 faciendis
1053 2686 1137 2744 multo

180 2779 273 2856 magis
286 2778 412 2855 cogitare
427 2782 457 2838 et
467 2777 605 2838 sollicitos
619 2797 682 2838 esse
699 2779 734 2838 ds
747 2779 809 2838 vitu
828 2780 933 2841 future
945 2782 1021 2842 bene
1035 2786 1137 2860 agendi

181 2885 212 2942 et
225 2882 260 2941 de
273 2879 393 2942 vitando
406 2883 523 2957 peccato
538 2899 627 2957 quam
654 2881 690 2940 de
708 2880 844 2958 praesenti
857 2882 1034 2944 meritorum
1053 2886 1135 2946 iucre-

182 2985 289 3042 mento.

225 3085 290 3140 156.
316 3079 461 3149 anoitsoo
474 3079 516 3139 40.
538 3079 586 3138 An
600 3078 692 3158 possit
701 3079 800 3158 justus
820 3081 856 3142 de
876 3083 1023 3163 condigno
1037 3106 1134 3158 merere

181 3179 380 3241 remissionem
403 3177 587 3239 venialium?
627 3179 808 3258 supponitur
830 3201 889 3241 non
911 3184 1010 3246 solnm
1031 3191 1134 3247 rectum

182 3297 282 3359 poenae
307 3279 340 3337 in
359 3283 476 3356 peccato
497 3278 606 3338 veniali
630 3299 691 3339 esse
705 3281 757 3340 sed
771 3280 858 3341 etiam
877 3285 1027 3345 maculam
1040 3288 1133 3365 culpe.

183 3377 269 3455 Iiosp.
280 3379 459 3438 affirmative.
488 3377 659 3457 Nihil-enim
670 3382 765 3441 obstat
774 3381 930 3459 quominus
940 3391 1081 3463 peccator,
1090 3406 1134 3464 per

183 3478 465 3539 actumcontritionis
475 3478 618 3555 perlectae,
629 3485 739 3541 mereat
748 3483 783 3542 de
794 3483 936 3560 condigno
945 3486 1132 3547 remissionem

184 3581 376 3653 peccatorum,
411 3577 469 3636 nisi
501 3579 580 3656 quod
601 3597 660 3639 non
684 3581 778 3641 sitin
811 3587 888 3644 statu
912 3585 1027 3660 gratise.
1076 3588 1131 3646 Hoc

188 3680 286 3734 autem
312 3697 370 3736 non
392 3678 488 3738 obstat
517 3679 549 3738 in
569 3683 707 3758 presenti
729 3703 806 3744 casu·
855 3685 940 3745 Hanc
968 3689 1130 3750 sententian
