2408 4304
42 403 141 464 insa.
157 379 250 483 xm]
427 379 483 461 De
496 379 631 462 Merita
947 406 1007 479 411

41 565 147 644 mitam
161 567 309 640 aternam,
324 563 406 622 nullo
426 564 520 635 modo,
543 565 628 624 nulla
641 563 753 626 ratione
766 561 902 626 affirmari
915 567 1014 643 potest

42 667 118 725 haeo
131 664 209 726 inter
222 684 307 742 opera
320 668 350 724 et
363 664 487 724 salutem
506 665 619 726 relatio.
660 667 815 728 Ponuntur
834 666 912 727 enim
925 685 1011 744 opera

42 769 88 825 ut
103 785 191 826 cauea
199 765 324 843 position
337 785 376 826 ex
389 764 497 843 quibus
517 765 589 844 (non
612 766 732 844 phyalae
753 766 871 844 quidem
885 767 937 826 sed
950 786 1009 826 mo·

42 865 170 942 raliter)
185 866 305 926 effertur
327 865 406 926 eolus
429 870 464 925 ut
486 865 625 933 effectum
646 868 746 927 eodem
769 869 924 946 modoque
939 885 1011 946 opus

44 966 174 1044 aliquod
182 965 280 1028 labore
294 953 432 1026 mendum
443 965 591 1044 (physice)
606 966 738 1026 efficitur.

93 1065 156 1127 *34
167 1065 223 1146 (a).
247 1066 363 1134 “Quod
381 1065 414 1125 in
433 1065 570 1143 praesenti
584 1069 629 1126 eet
652 1071 887 1128 momentaneum
901 1071 932 1128 et
945 1067 1010 1128 leve

43 1165 255 1228 tribulationis
268 1171 385 1241 nostra,
399 1170 490 1244 eupra
501 1166 619 1226 modum
632 1165 665 1228 in
675 1166 855 1228 sublimitate
868 1172 1011 1230 oetemum

45 1267 156 1346 gloriae
189 1268 302 1346 pondua
335 1271 471 1346 operatur
497 1266 529 1326 in
555 1267 639 1328 nobis
655 1333 658 1342 Δ
672 1265 737 1347 [Gr.
765 1272 902 1347 operatur
928 1267 1012 1329 nobie
1119 1319 1122 1328 .

49 1369 261 1446 κατερηέιζεται
273 1367 400 1451 ἠμιν].”
441 1374 459 1428 2
474 1367 539 1431 (ior.
552 1369 591 1428 iv.
609 1371 655 1432 17.

95 1471 184 1550 ⁸(t).
208 1473 312 1534 “(lum
332 1475 415 1532 metu
436 1476 610 1533 etoremore
629 1475 756 1532 vestram
776 1472 900 1534 salutem
913 1491 1012 1552 opera·

49 1573 160 1636 mini.”
200 1573 310 1652 Philip.
324 1572 356 1636 ii.
375 1577 420 1633 12.

98 1680 147 1736 35.
167 1675 378 1736 mormannum
390 1675 446 1736 VI.
467 1674 516 1734 Ex
536 1671 608 1734 looia
629 1673 661 1736 in
684 1675 792 1754 quibua
811 1674 874 1738 vita
893 1679 1011 1752 aeterna,

52 1775 164 1854 positis
176 1776 258 1836 bonis
271 1775 416 1854 operibus,
429 1778 459 1836 et
478 1778 612 1852 patenter
631 1776 743 1836 intuitu
763 1792 862 1836 eornm
876 1782 905 1838 et
919 1778 955 1836 ob
968 1797 1011 1852 ea,

53 1874 685 1954 vocaturMeroen,Bravinmleemuneratia
697 1875 876 1937 Retribntio:
892 1880 1017 1951 Maroae„

57 1977 212 2052 Βραβειον,
228 1978 458 2048 Μισθαποδοσια,
479 1977 684 2035 Ammonem.
725 1976 800 2036 Haee
813 1977 910 2038 omnia
922 1997 1015 2038 unum

58 2083 91 2138 et
104 2077 184 2136 idem
198 2075 356 2136 clarissime
377 2078 490 2150 sonant,
513 2095 625 2153 nempe,
646 2076 800 2153 praemium
813 2081 843 2138 et
856 2079 1016 2139 mercedem

57 2179 165 2258 operis,
181 2182 219 2253 et,
233 2183 268 2240 ut
281 2178 374 2252 aiunt,
399 2182 419 2214 “
429 2177 501 2255 quid
514 2197 565 2254 pro
577 2177 664 2256 quo.''

101 2283 148 2340 36.
169 2280 286 2340 Meroen.
311 2277 426 2339 “Beati
439 2277 509 2339 estis
523 2296 589 2338 oum
597 2277 896 2342 maledixerintrobie
918 2323 924 2340 .
947 2326 955 2343 .
978 2321 1017 2344 ..

58 2385 178 2460 propter
191 2399 248 2441 me.
289 2379 421 2440 Gaudete
435 2383 466 2440 et
478 2379 619 2451 exultate,
642 2379 780 2457 quoniam
800 2397 908 2442 meroes
920 2385 1018 2442 reema

61 2481 177 2558 eopiosa
190 2484 234 2540 est
247 2481 279 2538 in
292 2476 408 2540 ooelia''
431 2478 539 2538 Mattlr
554 2497 582 2538 v.
600 2483 646 2536 12.

105 2588 124 2618 ‘⁶
134 2581 316 2658 Quicumque
329 2584 431 2658 potum
445 2579 558 2640 dederit
570 2578 624 2638 uni
634 2599 672 2640 ex
682 2578 812 2642 minimis
824 2579 889 2642 istie
899 2582 1018 2642 oalioem

63 2702 149 2762 aquae
161 2681 275 2760 frigida
288 2685 413 2755 tentum,
429 2680 462 2740 in
474 2679 592 2742 nomine
605 2679 742 2758 dieoipnli
762 2724 770 2742 .
790 2723 797 2742 .
820 2725 827 2741 .
851 2727 858 2742 .
879 2701 939 2742 non
951 2701 1017 2760 per-

65 2787 118 2846 det
128 2784 289 2845 mercedem
303 2781 413 2844 surm?
434 2781 512 2842 Ibid.
524 2801 555 2842 x.
571 2786 619 2840 42.

106 2883 344 2963 “Unusquisque
354 2885 452 2943 autem
460 2881 607 2960 propriam
617 2881 777 2944 mercedem
787 2881 909 2962 aooipiet
917 2901 1017 2946 eeonn·

66 2987 134 3048 dum
147 3004 233 3046 enum
246 2983 400 3044 laborem.'’
428 2987 439 3041 l
458 2985 524 3042 Cor.
538 2981 580 3041 iii.
593 2984 622 3042 8.

106 3090 153 3150 37.
174 3085 323 3146 Brooe'om.
348 3083 425 3142 “Ad
438 3082 613 3143 deatinatum
638 3101 803 3160 prosequor,
826 3083 862 3144 ad
883 3083 1017 3146 bravium

66 3205 195 3265 eupernae
218 3182 377 3246 vocationis
397 3182 453 3243 Dei
470 3184 502 3242 in
525 3181 642 3242 christo
663 3181 761 3243 Jeeu.'’
793 3183 871 3244 Phil.
893 3185 937 3246 iii.
961 3187 1015 3246 14:

67 3307 160 3367 snpra,
175 3305 206 3348 n.
223 3291 273 3346 24.

107 3395 152 3450 38.
172 3385 379 3454 Remomrata'o.
402 3381 533 3446 “Nolite
547 3380 646 3460 itaque
666 3382 798 3444 amittere
812 3383 1015 3448 confidentiam

68 3497 289 3568 vestramque
312 3505 447 3565 magnam
473 3486 562 3548 habet
592 3470 881 3548 remunerationem.''
922 3487 1014 3549 Hebr.

69 3615 99 3656 x.
114 3597 160 3652 35.

109 3697 127 3730 ⁴⁶
137 3687 262 3771 Maiores
299 3685 417 3752 divitiae
453 3683 602 3750 aestimans
637 3682 772 3746 thesauro
806 3683 1016 3766 AEgyptiorum
