2424 4300
94 469 180 514 mer.
196 445 258 534 vu]
306 447 362 511 De
380 446 500 514 Gratia
515 449 608 514 Med.
625 447 912 532 confflem-neg.
989 454 1047 532 169

93 615 251 693 hypothesi
274 614 503 674 adversariorum
521 616 646 675 infidelis
660 613 712 692 qui
726 614 782 672 sibi
797 613 856 672 vim
877 613 997 673 inferret
1011 616 1046 674 ad

93 715 287 793 superandam
300 713 411 774 vitiosae
425 719 537 775 naturae
551 715 777 785 inclinationem,
794 714 846 790 qui
865 716 1046 772 commisera-

92 815 175 875 tione
188 820 347 875 commotus
358 813 463 890 stipem
481 815 629 891 indigenti
642 815 793 886 tribueret,
810 813 862 890 qui
881 806 1057 890 proximum

92 916 131 972 ab
150 913 314 974 imminenti
335 915 435 972 mortis
457 915 584 992 periculo
608 915 753 984 liberaret,
770 913 821 990 qui
842 915 1048 997 obsequeretur

91 1013 273 1089 parentibus,
298 1013 428 1090 ipsorum
452 1014 674 1072 necessitatibus
701 1013 876 1083 subveniret,
906 1017 993 1088 atque
1016 1013 1048 1071 id

91 1132 188 1188 genus
199 1114 255 1170 alia
263 1117 421 1189 perageret,
428 1113 553 1172 deterior
562 1112 645 1170 fieret
655 1131 748 1170 eoram
755 1111 824 1170 Deo.
832 1111 1045 1170 Consulendum

91 1211 217 1290 proinde
228 1212 255 1270 ei
266 1217 349 1283 esset,
361 1232 452 1289 quum
460 1213 542 1270 nullo
551 1211 711 1288 praesertim
722 1211 883 1288 impellitur
891 1221 1045 1288 praeeepto,

92 1315 132 1370 ut
145 1311 227 1370 abiis
242 1332 271 1370 se
282 1312 449 1383 retraheret,
464 1331 501 1370 ne
516 1311 549 1369 in
563 1316 712 1386 peceatum
725 1309 866 1368 incideret
879 1330 911 1368 ao
925 1329 1047 1387 poenam

92 1411 165 1470 inde
175 1411 360 1487 promeritam
369 1410 547 1476 inourreret;
564 1429 630 1488 quae
646 1430 734 1487 quam
745 1411 869 1468 absurda
878 1410 945 1482 sint,
958 1411 1046 1468 soeie-

92 1511 151 1568 tati
162 1509 321 1584 perniciosa
334 1519 448 1586 atquea
461 1510 609 1568 communi
618 1510 770 1567 hominum
784 1528 868 1567 sensu
880 1514 909 1567 et
920 1509 1046 1568 aestima-

93 1610 176 1668 tione
186 1610 289 1681 aliena,
305 1630 388 1668 nemo
403 1611 511 1686 estqui
526 1629 584 1668 non
598 1609 704 1667 videat.
745 1609 859 1667 Deinde
873 1610 944 1685 quid
955 1613 1045 1678 vetat,

93 1710 251 1786 quominus
265 1711 359 1783 homo,
376 1715 454 1770 recta
467 1710 579 1768 ratione
592 1713 686 1780 utens,
703 1708 844 1767 actionem
859 1709 965 1780 eliciat,
982 1726 1047 1784 qum

93 1829 134 1867 ex
148 1829 186 1881 se,
203 1830 254 1868 seu
268 1811 363 1887 quoad
377 1831 458 1869 suam
473 1811 675 1878 substantiam,
688 1809 761 1867 bona
775 1809 814 1867 sit
827 1827 860 1866 ao
873 1809 1001 1878 honesta,
1018 1811 1049 1866 et
1094 1796 1110 1822 ⁸

94 1929 135 1967 ex
150 1910 270 1968 honesto
293 1910 349 1970 tine
371 1910 431 1986 ipsi
453 1909 646 1988 quodammodo
668 1909 762 1981 inrito,
786 1907 950 1985 eujusmodi
974 1911 1048 1965 esset

95 2009 200 2085 stipem
212 2029 328 2086 erogare
343 2010 379 2068 ad
393 2009 517 2068 alienam
531 2008 737 2068 sublevandam
751 2005 903 2084 inopiam?
944 2008 1047 2064 Nonne

94 2111 129 2168 in
142 2111 197 2169 hoo
218 2113 269 2169 aut
290 2110 346 2169 alio
371 2109 461 2169 simili
485 2129 553 2168 oasu
572 2109 648 2168 aetio
672 2109 876 2167 honestatum
899 2126 936 2166 ex
956 2105 1047 2164 officio

94 2214 161 2268 tum
175 2229 212 2268 ex
226 2209 283 2268 flue
297 2209 429 2286 proximo
443 2207 621 2266 haberetur?
655 2208 743 2266 Porro
759 2207 833 2278 finis,
850 2207 902 2283 qui
915 2205 1047 2282 proxime

65 2305 69 2312 ’
93 2309 190 2367 bonus
212 2312 265 2380 est,
279 2309 406 2383 pondere,
422 2314 455 2366 ut
469 2309 511 2366 ito
526 2309 624 2379 divom,
641 2326 689 2365 auo
700 2307 799 2382 sertor
813 2307 937 2380 infinem
951 2305 1047 2363 bonum

94 2408 238 2481 altimum,
253 2428 363 2485 eantque
377 2408 472 2466 saltem
485 2406 593 2466 or'rtuol
601 2408 655 2476 lor,
677 2406 814 2477 etaient,
830 2405 958 2463 includit.
1001 2405 1048 2462 Sia

93 2507 263 2584 praeripitur
276 2508 448 2566 adversariis
462 2506 640 2583 praecipuum
661 2505 895 2575 fundamentum,
918 2523 975 2580 quo
996 2504 1045 2561 ad·

95 2609 245 2665 ducuntur
259 2608 295 2666 ad
309 2607 492 2666 asserendum
507 2607 589 2663 nulla
602 2607 639 2664 ab
653 2604 766 2663 infideli
781 2623 867 2680 opera
875 2604 940 2662 elioi
955 2623 1045 2679 possa,

95 2725 164 2784 quae
174 2726 232 2765 non
246 2707 304 2766 sint
319 2710 472 2785 inquinata
485 2692 629 2783 peecato.’'

140 2933 189 2988 39.
211 2928 381 2986 Prorosrrro
402 2929 456 2988 IV.
491 2926 601 2985 Fidelis
611 2925 642 2984 io
656 2928 733 2983 stato
741 2923 1050 3000 peeootipoteotsooere

98 3047 183 3105 opera
210 3047 263 3086 noa
291 3033 400 3087 tantum
427 3026 568 3086 moraliter
596 3027 672 3098 borio,
709 3025 756 3083 aad
781 3024 873 3097 etiam,
903 3024 1050 3099 adjuvante

95 3127 203 3204 pratia,
218 3128 367 3188 solatoria.

143 3291 191 3348 40.
216 3289 315 3349 Prima
342 3307 410 3365 pars
438 3285 572 3362 sequitur
595 3305 633 3344 ex
655 3282 903 3360 praeoedentibus3
926 3279 1050 3338 sienim

97 3394 233 3470 peccator
256 3407 354 3448 carens
377 3387 433 3445 fide
455 3386 553 3444 infusa
572 3389 670 3462 potest
692 3383 786 3442 faeere
808 3401 880 3456 opus
904 3379 1052 3438 moraliter

97 3495 219 3568 bonum,
242 3512 260 3550 a
281 3490 393 3550 fortiori
414 3493 509 3566 potest
527 3494 660 3564 peccator
684 3483 788 3544 fidelia.
829 3481 988 3540 Manifesta
1008 3487 1052 3540 est

98 3594 189 3653 etiam
217 3611 254 3650 ex
278 3590 402 3650 seeundo
429 3591 512 3666 parte
539 3587 628 3664 hujus
655 3581 868 3662 propositionis,
909 3581 1052 3640 Probatur

98 3711 168 3770 ergo
181 3691 240 3751 ista
254 3689 381 3750 secunda
394 3707 470 3766 pars.

594 3790 612 3841 9
