2410 4314
105 396 194 441 mse.
211 375 251 463 al
420 381 580 452 Nationes
600 383 752 450 Pinnio.
1019 410 1053 453 11

101 541 155 600 Ex
176 544 295 620 posthac
319 545 448 606 dicendis
468 549 581 628 patebit
610 550 735 627 gratiam
764 551 903 612 excedere
927 551 1004 614 vires
1027 559 1057 612 et

102 640 285 719 exigentiam
306 645 400 706 omnis
422 653 561 709 creature
582 654 612 710 et
626 655 727 711 creatae
742 653 772 711 et
785 649 926 712 creabilis.
969 652 1055 712 Insu-

100 759 158 818 per
171 762 222 803 suo
235 743 297 804 loco
310 745 411 824 paucis
420 746 585 825 inquiretur
599 751 634 811 dc
647 754 752 811 natura
765 751 876 828 gratiae.

147 848 195 902 22.
217 846 326 906 Praeter
339 847 414 908 hanc
430 847 562 924 gratiam,
580 869 645 928 quae
660 851 775 911 elevans
789 857 841 924 est,
857 851 942 910 datur
956 853 1056 913 atalia

40 995 48 1004 .
101 943 202 1020 gratia
214 964 279 1022 quae
301 947 422 1023 adjurat
441 954 471 1008 et
490 969 549 1008 non
570 951 674 1024 elevat,
697 969 762 1028 quae
782 970 856 1028 pure
875 951 1057 1013 medicinalis

102 1049 233 1104 vocatur.
276 1046 378 1106 Gratia
400 1053 496 1108 autem
524 1054 622 1127 potest
646 1070 706 1110 esse
725 1049 813 1110 simul
835 1055 865 1110 et
891 1051 1008 1112 elevans
1029 1055 1054 1112 et

100 1145 287 1206 medicinalis
304 1167 311 1208 :
333 1149 360 1206 d.
377 1153 404 1221 4,
420 1168 450 1208 n.
466 1152 493 1206 2.
529 1151 712 1219 “Quatenus
726 1148 821 1226 gratia
834 1151 981 1209 hominem
993 1151 1056 1228 lap-

100 1263 169 1303 sum
184 1249 268 1306 sanat
281 1247 316 1306 ab
334 1247 618 1326 infirmitate,‘quam
631 1267 684 1326 per
696 1247 878 1308 amissionem
898 1247 966 1308 doni
979 1249 1056 1309 inte-

98 1343 220 1422 gritatis
240 1346 394 1420 contraxit,
420 1347 505 1424 eique
525 1349 635 1425 praebet
652 1349 729 1408 vires
749 1350 786 1408 ad
805 1351 879 1410 bene
899 1349 1054 1426 agendum,

98 1442 139 1501 ad
160 1447 335 1524 superandas
355 1447 530 1507 tentationes
550 1453 639 1526 atque
659 1449 697 1508 ad
716 1451 826 1524 malum
840 1449 1053 1522 declinandum,

96 1549 196 1628 gratia
208 1552 381 1612 medicinalia
397 1567 603 1632 nuncupatum
625 1556 769 1631 quatenus
790 1557 888 1614 autem
908 1553 1055 1614 hominem

97 1651 198 1712 elevat
209 1653 244 1712 ad
263 1657 370 1714 statum
390 1654 650 1732 supernaturalem,
672 1654 766 1730 gratia
785 1653 945 1714 cavationis
957 1653 1055 1713 vocari

97 1752 280 1812 consucvit.”
316 1755 467 1828 Pannona,
483 1773 512 1812 n.
531 1759 575 1813 14.
616 1754 684 1813 Vid.
707 1754 831 1827 Serene,
846 1753 866 1810 l.
883 1759 910 1824 2,
925 1753 1053 1813 Praelud.

99 1872 131 1910 n.
152 1857 177 1911 l.

378 1934 394 2012 ς
418 1939 445 1994 2.
467 1933 628 1994 Droisiones
647 1933 764 1992 Gratiae.

140 2053 257 2112 23.—I.
281 2053 382 2114 Gratia
402 2059 447 2114 est
468 2055 516 2114 rel
538 2053 667 2114 increata
686 2054 735 2112 rel
758 2055 861 2112 creata.
904 2050 988 2110 Prior
1009 2055 1054 2112 est

95 2151 162 2229 ipse
185 2172 265 2212 amor
290 2153 355 2227 Dei,
385 2174 442 2231 quo
470 2155 506 2213 ab
531 2159 638 2214 aeterno
662 2173 715 2212 nos
742 2153 849 2229 diligit,
873 2155 903 2211 ct
925 2154 1053 2210 nostram

98 2252 357 2314 sanctificationem
379 2258 409 2314 et
429 2253 550 2331 gloriam
564 2253 650 2312 vult:
673 2273 724 2312 seu
746 2255 790 2311 est
810 2249 891 2309 Deus
912 2255 1055 2328 quatenus

96 2373 152 2412 nos
166 2373 284 2413 amans:
324 2354 433 2414 “Deus
447 2353 573 2414 charitas
587 2359 631 2413 est
647 2397 778 2410 .....
793 2353 855 2411 Nos
869 2370 936 2428 ergo
950 2349 1054 2426 diliga-

97 2454 292 2528 musileum,
316 2455 454 2532 quoniam
476 2454 557 2514 Deus
580 2453 661 2531 prior
683 2451 790 2511 dilexit
816 2452 900 2510 nos.’'
942 2449 1056 2509 Similia

97 2553 171 2614 alibi
193 2555 301 2633 saepius
324 2556 478 2615 habentur.
522 2555 646 2626 Suanez,
671 2551 784 2627 Proleg.
809 2555 836 2622 3,
863 2569 888 2607 c.
916 2554 944 2622 3,
969 2568 999 2608 n.
1027 2554 1054 2606 5.

96 2658 148 2716 An
161 2675 228 2716 vero
242 2655 307 2733 ipsa
316 2675 437 2734 persona
452 2656 483 2716 S.
493 2652 619 2732 spiritis
628 2651 719 2731 justis
733 2647 963 2714 substantialiter
970 2646 1051 2720 insit,

97 2759 128 2815 et
143 2774 210 2832 ergo
224 2755 283 2815 alia
301 2755 413 2815 ratione
431 2753 525 2832 gratia
542 2753 670 2838 increata
682 2748 779 2811 vocari
792 2747 892 2828 possit,
906 2745 1007 2819 vid.,d.
1023 2751 1050 2819 9,

95 2874 126 2913 n.
144 2859 171 2928 8,
188 2857 239 2915 &a

138 2955 273 3016 24.-11.
309 2953 409 3016 Gratia
436 2958 531 3014 creata
557 2956 602 3013 est
627 2951 676 3012 vel
703 2950 818 3009 interna
844 2946 892 3007 rel
919 2947 1048 3006 externa.

96 3055 228 3114 Externa
249 3059 293 3116 est
313 3075 398 3115 omne
418 3059 504 3116 extra
523 3073 575 3114 nos
595 3053 632 3112 ad
651 3055 780 3110 nostram
794 3045 1050 3107 sanctificationem

97 3155 268 3228 conducens,
290 3155 336 3234 cuj
341 3154 452 3214 usmodi
466 3159 535 3214 sunt
548 3152 717 3230 praedicatio
730 3147 892 3226 Evangelii,
916 3145 1051 3222 exempla

96 3257 184 3330 bona,
197 3257 276 3334 leges
289 3256 436 3328 Ecclesiae,
453 3258 502 3316 dac.
543 3257 590 3315 Ex
603 3255 650 3313 his
663 3240 794 3331 quiedam
813 3249 845 3308 in
863 3247 942 3306 hunc
962 3247 1050 3304 finem

96 3377 114 3416 a
127 3358 190 3418 Deo
204 3362 258 3419 aut
276 3359 312 3418 ab
326 3357 457 3418 Ecclesia
471 3356 590 3418 definite
609 3359 719 3415 statuta
737 3354 815 3424 sunt,
834 3353 870 3407 ut
882 3345 1048 3424 pradicatio

96 3451 275 3534 Evangelii;
296 3457 355 3517 alia
377 3477 443 3516 vero
467 3453 683 3516 accidentaliter
703 3457 734 3511 et
753 3439 971 3510 occasionaliter
981 3465 1045 3522 ope·

95 3561 207 3631 rantur,
229 3561 265 3616 ut
279 3558 304 3617 si
317 3577 393 3617 mors
406 3556 536 3634 proximi
556 3555 652 3614 subita
669 3553 796 3629 aliquem
810 3550 912 3608 timore
926 3545 1045 3603 salutari

95 3659 272 3738 percelleret.
