2408 4304
72 465 161 512 nrsr.
179 443 256 530 xia]
457 441 512 508 De
526 441 666 510 Mert‘lO·
971 467 1034 530 455

71 611 199 685 dotium,
215 613 250 672 ut
263 611 332 671 suut
351 608 421 671 vitae
443 611 580 671 sanctitas
603 611 651 672 vel
671 613 838 673 conservata
851 611 899 673 vel
912 632 1034 693 recupe-

73 723 149 790 rata,
179 715 299 776 scientia
324 715 435 789 idonea,
467 719 517 776 dre.
560 717 617 776 sed
643 717 705 776 haec
733 721 801 778 sunt
827 717 925 796 potius
952 719 1036 797 signa

72 818 222 896 negativa,
239 835 314 895 quae,
329 816 384 875 etsi
397 817 428 875 in
442 817 521 874 omni
535 817 685 876 candidato
700 818 892 878 eeclesiastico
906 819 1036 879 inveniri
1114 815 1117 818 ’

73 921 193 992 debent,
208 917 241 976 in
253 917 354 977 multis
377 917 451 990 aliis,
478 917 530 996 qui
544 919 581 976 ad
595 919 787 980 sacerdotium
806 939 863 979 nen
887 924 1034 992 vocantur,

70 1019 276 1079 inveniuntur.
327 1018 434 1078 Censeo
457 1022 555 1077 autem
580 1017 697 1093 signum
718 1039 856 1096 magnum
876 1020 1035 1097 positivum

74 1122 205 1198 (semper
219 1117 393 1196 supponitur
406 1122 526 1178 externa
539 1118 652 1177 vocatio
666 1119 763 1180 debita
772 1123 801 1179 et
814 1119 959 1200 legitima)
974 1140 1035 1180 6666

73 1222 156 1280 hunc
170 1219 267 1296 ipsum
281 1218 387 1278 zelum.

122 1320 187 1380 175.
213 1319 359 1390 Qucritur
384 1316 427 1374 3⁰.
457 1318 505 1376 An
525 1317 625 1395 justus
644 1319 719 1378 bona
732 1319 902 1397 temporalia
924 1339 1035 1381 merere

71 1419 189 1500 possit?
237 1419 322 1494 Rccp.
354 1419 412 1478 Illa
433 1419 509 1478 bona
531 1422 700 1496 spectantur
723 1421 887 1481 velutad
910 1422 1034 1482 salutem

71 1521 170 1594 utilia,
186 1519 236 1580 vel
259 1519 345 1578 utin
367 1537 397 1578 66
419 1523 448 1578 61
471 1537 544 1595 pure
567 1520 747 1596 temporalia.
788 1521 821 1580 Si
842 1520 932 1598 priori
948 1522 1035 1581 mede

72 1625 250 1702 spectentur,
273 1639 371 1681 omnes
385 1619 564 1679 conveniunt
586 1640 620 1679 aa
642 1621 746 1680 mereri
760 1641 851 1700 posse,
868 1626 919 1682 aut
933 1623 1034 1683 saltem

70 1723 223 1803 impetrari
235 1743 327 1800 pesse.
369 1723 514 1796 Viscum,
536 1723 568 1780 in
589 1742 617 1800 q.
637 1726 702 1796 114,
718 1744 741 1784 a
761 1727 796 1782 10
812 1724 890 1802 (pest
903 1725 931 1786 d.
949 1727 1031 1804 222),

72 1833 105 1888 at
134 1828 256 1896 Susam,
285 1845 309 1884 c.
334 1827 382 1896 38,
399 1825 438 1902 [n.
463 1829 510 1898 20,
537 1828 693 1885 tenentes
716 1827 752 1884 10
775 1827 1032 1902 cougruomereri.

73 1927 225 1990 81111111.
250 1924 277 1982 1.
303 1929 330 1996 6,
354 1944 382 1983 n.
410 1929 475 1996 109,
501 1925 638 1984 meritum
670 1927 846 2004 condignum
878 1927 1031 1988 affirmant.

72 2027 200 2096 Quidam
214 2025 265 2085 alii
278 2025 423 2084 affirmant
436 2025 573 2086 meritum
584 2025 770 2102 condignum,
786 2027 811 2086 si
824 2027 960 2087 bonailla
974 2028 1033 2088 sint

71 2125 234 2188 necessaria
255 2125 292 2184 ad
316 2124 450 2184 salutem.
491 2125 548 2184 Sed
573 2131 729 2204 quaesunt
752 2128 828 2186 bona
851 2127 1032 2205 temporalia,

72 2247 141 2307 quae
169 2227 206 2286 ad
230 2225 354 2286 salntem
368 2225 521 2286 neccssaria
536 2245 595 2286 esse
609 2227 754 2304 possunt?
794 2228 827 2288 Si
846 2229 936 2288 altere
950 2229 1034 2289 mode

73 2329 251 2407 spectentur,
267 2325 445 2386 conveniunt
464 2345 564 2385 omnes
582 2347 615 2386 ea
635 2325 694 2387 no‘n
715 2329 815 2388 cadere
829 2331 882 2388 sub
896 2329 1032 2390 meritum

73 2427 271 2505 theologicum
287 2430 317 2486 61
330 2427 558 2502 supernaturale.

118 2529 182 2589 176.
206 2528 331 2587 Secundo
347 2549 358 2588 :
379 2527 533 2604 Objectum
548 2527 646 2588 meriti
661 2529 696 2587 de
710 2546 835 2604 congruo
849 2528 880 2586 in
887 2529 966 2603 justo
979 2547 1032 2606 pro

74 2630 152 2690 aliie.
194 2628 299 2688 Omnia
320 2646 385 2705 quae
404 2627 503 2704 justus
526 2647 577 2704 pro
605 2627 697 2702 seipso
720 2629 755 2688 16
776 2647 903 2704 congruo
924 2647 1032 2689 merere

74 2731 172 2808 petest
186 2729 274 2788 etiam
287 2747 339 2804 pro
357 2726 413 2785 alio
427 2747 536 2786 merere
549 2731 643 2804 potest
657 2728 692 2787 de
706 2747 840 2803 congruo,
858 2730 906 2787 sed
920 2748 1032 2806 semper

75 2831 211 2903 fallibili;
234 2849 285 2888 seu
309 2828 407 2906 potius
428 2847 480 2904 per
502 2829 659 2888 oraticnem
683 2829 837 2906 impetrare
855 2833 958 2906 potest,
981 2830 1031 2889 661

74 2928 277 3006 impetratione
292 2947 403 3004 semper
416 2927 544 2988 fallibili.
586 2927 688 2988 Potest
696 2949 763 3004 ergo
772 2929 826 2988 hcc
840 2929 923 2988 medo
933 2929 1031 3006 justus

74 3048 127 3106 pro
142 3028 198 3086 alio
212 3027 341 3086 obtinere
359 3026 397 3100 1⁰,
416 3028 624 3104 reparationem
639 3033 706 3105 post
716 3029 840 3104 lapsum.
884 3029 941 3088 Sed
954 3028 1031 3088 inter

75 3132 130 3189 hoe
156 3130 293 3188 meritum
320 3132 350 3187 et
376 3129 470 3186 simile
506 3149 557 3206 pro
584 3129 675 3206 seipso
703 3129 857 3188 discrimen
883 3133 927 3188 est
953 3130 1031 3206 quod

78 3236 97 3264 “
108 3231 206 3307 lapsus
220 3229 339 3288 alterius
352 3249 410 3288 nen
423 3229 579 3288 mortificat
598 3229 734 3289 meritum
745 3230 828 3308 justi,
844 3229 919 3289 sicut
932 3230 1032 3306 lapsus

74 3330 224 3408 proprium
247 3334 277 3390 61
299 3329 363 3388 1160
387 3329 482 3387 minor
504 3333 548 3388 est
573 3329 727 3388 difficultas
747 3331 778 3389 in
798 3330 933 3388 merendo
947 3329 1032 3388 alteri

75 3431 285 3508 reparationem
309 3433 374 3509 pest
397 3431 520 3507 lapsum,
546 3449 634 3507 quam
657 3429 690 3488 in
713 3430 847 3490 merendo
868 3429 923 3489 sibi
943 3427 1030 3507 ipsi.’'

76 3535 199 3606 Suannz,
214 3532 285 3592 ibid.
300 3551 328 3592 n.
343 3533 391 3592 22.

119 3633 184 3695 177.
200 3633 243 3692 2⁰.
262 3635 362 3693 Potest
371 3652 423 3712 pro
434 3632 490 3693 alio
505 3633 634 3693 obtinere
647 3630 892 3711 perseverantiam
906 3631 1030 3691 activam

75 3730 200 3791 etetiam
210 3730 361 3808 passivam,
374 3731 424 3791 sed
435 3731 533 3792 eodem
544 3733 660 3792 tantum
668 3729 752 3789 medo
761 3727 860 3789 abiete
868 3728 1029 3790 habendam
