2410 4314
169 373 210 450 36
535 365 590 428 Dc
608 360 737 428 Gratia.
963 360 1065 445 [nter.
1082 381 1116 424 ιι.

169 532 315 613 appetitus
335 532 413 594 omni
437 533 575 590 creatura
593 527 728 587 rationali
747 526 833 586 inest.
875 525 1120 598 Bnnr1,Dissert

167 640 195 704 2,
211 652 235 690 c.
254 637 279 703 l,
297 630 312 709 S
328 635 355 701 6,
372 649 401 688 n.
418 635 445 698 2,
462 649 528 688 cnm
539 627 605 687 aliis
619 647 692 704 quos
706 629 785 687 citat.

208 735 256 790 62.
280 733 360 806 Reap.
387 730 471 804 Nego
494 729 636 787 minorem
659 727 790 786 absolute
814 728 844 786 et
865 724 1050 803 simpliciter,
1077 724 1124 784 vol

168 829 325 905 Distinguo
341 847 348 886 :
370 827 600 890 Inestoreaturce
614 825 758 898 rationali,
774 826 872 898 uteie,
888 829 917 885 et
931 845 1000 900 ergo
1016 826 1125 884 inesset

168 930 280 990 homini
306 930 338 988 in
365 933 443 988 statu
474 931 587 988 naturae
611 947 712 1006 purae:
740 929 821 1004 tho
853 927 1003 986 absolute:
1039 927 1126 986 Inest

168 1028 288 1100 homini,
313 1031 345 1087 ut
366 1047 444 1087 nunc
466 1032 532 1087 est:
555 1027 783 1102 subdistinguo:
806 1025 939 1086 lucetiis
960 1025 1016 1102 qui
1036 1027 1126 1085 fidam

168 1129 285 1200 habent,
302 1129 405 1188 saltem
429 1127 454 1185 ri
480 1127 553 1186 bene
576 1125 708 1186 instituti
730 1125 850 1197 fuerint,
867 1128 897 1184 et
916 1125 1011 1182 vitam
1027 1125 1128 1185 Chris·

168 1230 247 1287 tiano
271 1227 388 1303 dignam
410 1227 526 1297 ducant,
552 1225 695 1302 ejusmodi
718 1210 912 1294 desiderium
934 1227 965 1282 ct
986 1223 1027 1282 iis
1050 1224 1127 1284 inest

168 1327 355 1403 pergratiam
370 1325 443 1385 Dei:
468 1325 621 1386 Concedo:
643 1324 688 1382 Iis
708 1323 784 1384 inest
806 1323 859 1401 qui
880 1323 967 1382 fidem
992 1342 1056 1382 non
1075 1325 1127 1383 ha-

51 1445 54 1452 “
169 1425 248 1498 berit,
263 1426 311 1484 vel
325 1425 385 1502 qui,
404 1425 460 1484 etsi
474 1425 575 1484 fideles
596 1424 662 1496 sint,
679 1423 754 1482 male
773 1423 894 1496 vivunt;
916 1423 965 1482 vel
979 1423 1037 1482 ulli
1051 1423 1130 1483 inest

171 1525 305 1583 innatum
320 1531 349 1582 et
362 1525 555 1584 naturaliter:
578 1523 670 1600 Nego.
717 1529 719 1532 ’

177 1691 178 1694 ¹
210 1629 257 1685 63.
279 1623 413 1682 Existero
425 1623 457 1681 in
470 1622 586 1681 homine
601 1622 764 1700 appetitum
777 1621 973 1682 beatitudinis
988 1621 1127 1693 innatum

170 1743 268 1784 omnes
291 1728 408 1783 tenenti
432 1724 482 1782 sed
496 1743 563 1782 eum
585 1742 645 1781 esse
665 1721 826 1798 appetitum
850 1719 1044 1780 beatitudinis
1058 1722 1130 1780 visi·

119 1839 122 1846 ’
170 1824 234 1882 onis
248 1823 305 1882 Dei
317 1823 472 1894 intuitivae,
494 1842 552 1880 non
577 1822 671 1880 solum
689 1823 771 1880 nullo
793 1825 964 1897 argumento
978 1821 1126 1894 firmatur,

171 1923 221 1980 sed
234 1921 419 1998 argumentis,
436 1925 471 1980 ut
485 1921 558 1980 mihi
582 1921 708 1993 videtur,
724 1921 909 1981 evidentibus
922 1920 1129 1998 impugnatur.

173 2023 214 2080 1⁰.
230 2021 262 2080 Si
274 2021 415 2098 ejusmodi
423 2020 596 2079 desiderium
608 2021 747 2080 existeret
760 2020 906 2092 innatum,
919 2020 1053 2096 pagam,
1065 2041 1129 2079 ma-

171 2121 345 2192 hometanis,
362 2123 411 2178 &a
427 2121 543 2180 inesset.
586 2120 643 2180 Sed
656 2121 732 2178 illud
745 2119 781 2178 iis
795 2139 853 2178 non
875 2118 970 2178 inesse
981 2139 1020 2177 ex
1035 2119 1129 2178 docu-

172 2221 277 2284 mentis
290 2219 450 2294 omnigenis
464 2223 494 2278 et
507 2219 642 2294 negative
664 2224 694 2278 et
718 2220 840 2296 positive
854 2219 1043 2278 manifestum
1060 2225 1106 2278 est
1121 2241 1128 2277 :

171 2318 314 2394 negative,
329 2318 361 2376 in
375 2318 490 2396 scriptis
504 2319 581 2377 enim
595 2338 623 2376 v.
639 2339 667 2394 g.
683 2320 812 2392 Homeri,
829 2319 1007 2390 Aristotelis,
1028 2320 1131 2378 Plato·
1185 2335 1186 2370 t

173 2417 227 2488 nis,
240 2418 385 2477 Ciceronis
398 2418 482 2476 nulla
496 2419 531 2477 fit
543 2419 653 2482 mentio
664 2419 690 2495 ej
695 2439 737 2490 us,
749 2418 832 2477 nulla
845 2421 927 2478 extat
940 2417 1131 2494 significatio,

173 2535 210 2576 ne
227 2517 348 2576 minima
362 2517 497 2594 quidem:
521 2517 654 2594 positive,
670 2521 705 2576 ut
718 2522 798 2595 patet
809 2538 846 2577 ex
859 2517 977 2576 notione
997 2519 1133 2594 paradisi

174 2635 239 2692 quae
253 2618 331 2692 apud
345 2617 471 2686 Graecos,
488 2617 642 2688 Romanos,
668 2617 766 2688 Indos,
784 2619 834 2676 &a
849 2615 944 2674 valuit
968 2621 1020 2674 aut
1037 2617 1131 2675 valet.
1185 2669 1186 2680 ,

174 2717 262 2792 Apud
275 2716 406 2775 infideles
427 2735 484 2774 non
507 2716 600 2775 solum
622 2735 681 2774 non
704 2720 757 2788 est,
783 2717 833 2774 sed
857 2735 909 2776 nec
934 2718 995 2774 csse
1019 2723 1129 2792 potest,
1185 2771 1186 2776 ,

176 2817 347 2876 desiderium
382 2815 523 2874 beatificae
556 2815 685 2888 visionis,
719 2819 820 2892 utpote
842 2815 884 2874 rei
910 2814 982 2891 ipsis
1008 2835 1133 2892 prorsus

176 2916 304 2991 ignota..
344 2914 376 2973 Si
400 2913 518 2990 quidam
540 2915 700 2988 acatholici,
726 2915 779 2992 qui
800 2934 906 2974 nomen
928 2913 1131 2974 Christianum

176 3017 284 3085 tenent,
298 3016 462 3071 accuratam
475 3013 584 3072 habent
597 3014 743 3074 notionem
758 3013 918 3073 essentialis
935 3013 1132 3072 beatitudinis

177 3113 251 3182 coeli,
264 3131 327 3171 earn
341 3111 470 3170 innatam
479 3131 536 3171 non
545 3113 655 3172 habent
665 3115 716 3174 sed
730 3105 769 3173 ex*
781 3112 973 3185 institutione,
984 3117 1133 3190 quomodo

175 3216 204 3272 ct
218 3212 291 3270 alias
304 3211 414 3269 hahent
427 3211 571 3271 doctrinas
586 3213 758 3274 Catholicae.

215 3316 263 3370 64.
286 3311 329 3370 2⁰.
351 3311 477 3369 Tantum
491 3313 572 3370 abest
586 3315 620 3370 ut
635 3313 783 3388 appetitus
794 3313 848 3372 istc
862 3311 901 3372 sit
914 3311 1026 3370 homini
1040 3317 1129 3372 nutu·

175 3409 245 3469 ralis
259 3415 288 3468 ct
306 3410 434 3478 innatus,
458 3414 493 3469 nt
517 3411 604 3469 etiam
629 3412 680 3488 qui
703 3413 790 3471 fidem
812 3433 910 3471 veram
931 3413 1048 3485 habent,
1076 3415 1128 3472 sed

174 3512 261 3570 rebus
274 3508 396 3568 terrenis
409 3513 439 3568 et
451 3509 651 3586 voluptatibus
665 3511 757 3570 dediti
767 3511 881 3584 vivunt,
892 3531 959 3570 eum
973 3531 1127 3590 nunquam

174 3609 312 3682 sentiunt,
328 3607 386 3666 nisi
399 3608 496 3668 forsan
510 3631 547 3670 ex
562 3609 661 3688 aliqua
670 3630 755 3670 causa
769 3610 941 3672 accidentali
951 3611 1124 3686 extrinseca,
