2410 4314
33 374 128 418 ruse.
148 353 227 439 111.]
285 355 339 420 De
356 355 477 420 Gratia
492 355 651 422 elevante:
671 354 819 443 possitae.
977 364 1015 441 67

33 521 179 597 ejusdem
195 523 468 600 propugnatoribus
488 523 611 584 disserit.
651 525 769 583 Errores
790 525 1016 602 Semipelagian-

33 642 125 680 orum
142 621 182 680 ad
199 621 339 699 quinque
353 623 448 700 capita
462 628 576 684 revocat
589 625 749 696 anvrus,
764 644 809 702 op.
823 625 872 685 cit.
888 647 912 685 c.
931 628 956 687 7.

76 725 131 780 22.
157 721 254 780 Sicut
269 721 429 798 Pelagiani,
439 723 481 781 ita
496 727 525 782 et
539 721 763 800 semipelagiani
776 744 827 784 nec
842 744 953 802 semper
965 744 1019 784 nec

32 842 142 881 omnes
164 821 202 880 in
218 822 326 881 eadem
341 822 485 882 sententia
505 822 703 899 perstiterunt,
721 824 771 882 sed
791 844 841 902 pro
855 823 943 883 variis
963 825 1017 883 cir-

33 923 238 982 cumstantiis
247 921 345 982 varios
354 922 492 982 doctrinae
501 923 597 982 flexus
606 925 635 982 et
643 923 815 1009 mutatione
829 923 1015 984 admiserunt.

36 1027 119 1084 Cum
134 1024 309 1086 Catholicis
323 1027 353 1084 et
366 1026 466 1084 contra
479 1023 659 1101 Pelagianos,
677 1024 864 1084 existentiam
879 1029 909 1084 et
922 1029 1015 1084 trans-

33 1125 191 1185 fusionem
223 1123 379 1201 originalis
405 1125 516 1202 peccati
540 1129 570 1184 et
597 1125 788 1188 omnimodam
816 1125 1016 1186 necessitatem

35 1225 145 1301 gratiae
161 1226 202 1286 ad
218 1225 342 1302 singula
355 1245 440 1302 opera
454 1225 517 1302 epse
531 1225 670 1285 salutaria
685 1237 714 1286 et
728 1227 764 1285 ad
774 1225 1016 1304 justificationem

37 1327 267 1404 assequendam
294 1329 457 1385 constanter
484 1326 671 1386 affirmabant.
722 1328 767 1386 De
790 1347 889 1386 eorum
916 1331 1012 1386 autem

39 1426 204 1500 erroribus,
223 1445 294 1486 cum
309 1426 427 1503 quidam
440 1426 570 1502 theologi
591 1427 751 1503 singulares
764 1427 916 1503 proferunt
934 1445 1014 1484 enar·

37 1525 182 1600 rationes,
208 1529 367 1604 sequentes
387 1525 459 1585 mihi
478 1525 610 1586 videnter
630 1547 690 1586 esse
711 1525 861 1585 sententiis
881 1529 1013 1602 receptae,

39 1626 177 1701 probatae
193 1630 226 1686 et
240 1645 328 1686 verae.
368 1625 476 1685 Primo.
498 1628 542 1686 Ut
556 1626 767 1686 conclusionem
782 1647 820 1686 ex
832 1625 963 1684 doctrina
985 1625 1014 1684 S.

44 1727 215 1801 Augustini
239 1727 277 1784 de
299 1726 430 1785 absoluta
447 1728 604 1803 gratuitate
625 1728 726 1804 gratiae
747 1729 822 1786 male
843 1727 1012 1798 confectam,

42 1844 159 1903 nempe,
175 1827 307 1887 liberum
331 1827 484 1886 arbitrium
502 1827 559 1890 ista
581 1829 711 1889 doctrina
732 1829 868 1906 extingui
884 1831 918 1888 'ct
938 1827 1014 1886 nihil
1046 1841 1049 1845 ’

44 1923 80 1980 ad
101 1924 233 1985 salutem
249 1925 359 1984 efficere
373 1945 464 2002 posse,
481 1927 661 1987 declinarent
681 1926 914 2006 semipelagiani,
931 1927 1007 1985 dixe

45 2037 117 2084 runt
140 2026 274 2087 liberum
298 2027 459 2102 arbitrium,
476 2034 543 2089 ante
567 2030 691 2106 gratiam
714 2031 811 2089 datam
831 2033 861 2089 et
885 2030 945 2087 sine
969 2048 1011 2100 es,

46 2126 160 2204 aliquid
183 2129 300 2188 efficere
320 2149 412 2206 posse,
437 2149 495 2188 non
517 2129 634 2206 quidem
658 2129 753 2208 ipsum
782 2149 854 2208 opus
875 2129 1024 2201 salutare,

48 2226 97 2284 sed
123 2228 205 2304 quod
231 2229 375 2294 vocabant
397 2229 516 2287 initium
540 2229 633 2306 operis
658 2229 800 2301 salutaris,
828 2229 911 2308 cujus
934 2227 1013 2287 initii

48 2324 171 2401 intuitu,
204 2329 292 2404 quasi
319 2329 417 2406 aliquo
440 2329 523 2388 modo
547 2329 668 2405 dignum
690 2334 765 2389 esset
793 2334 909 2407 propter
936 2329 1014 2404 quod

49 2424 129 2485 Deus
147 2430 276 2504 positive
289 2439 453 2488 moveretur
467 2429 504 2488 ad
524 2429 648 2488 dandam
668 2429 801 2504 gratiam,
819 2429 869 2486 dat
890 2429 1012 2504 gratiam

49 2527 84 2580 ut
106 2545 179 2602 opus
204 2530 302 2606 ipsum
325 2528 450 2586 salutare
478 2527 698 2604 ponatur-etsi
724 2527 844 2603 quidam
874 2525 1014 2584 dixerunt

51 2619 145 2682 Deum
159 2645 221 2685 non
236 2645 349 2702 semper
361 2629 513 2702 expectare
533 2625 652 2685 initium
670 2626 758 2698 istud,
775 2626 826 2684 sed
842 2625 1010 2702 aliquando,

53 2739 84 2778 eo
97 2741 157 2782 non
171 2729 269 2802 posito
283 2730 313 2785 et
327 2725 389 2784 sine
403 2724 516 2784 intuitu
530 2726 601 2803 ejus,
617 2727 684 2785 dare
699 2724 822 2801 gratiam
834 2745 841 2796 ;
856 2727 890 2784 ut
903 2724 1013 2783 factum

54 2824 95 2878 est
110 2822 142 2882 in
157 2825 187 2884 S.
203 2825 355 2898 Matthaeo,
373 2827 403 2884 S.
418 2825 510 2884 Paulo
524 2830 554 2884 et
568 2825 641 2884 aliis.
686 2831 704 2859 “
715 2825 800 2885 Unde
821 2823 873 2902 qui
886 2823 927 2886 sic
947 2843 1011 2884 sen-

56 2931 163 3000 serunt,
193 2938 261 2988 eum
288 2929 320 2986 in
347 2927 411 2986 aliis
439 2947 456 2986 a
482 2927 599 3004 Pelagio
623 2925 811 3000 discederent,
836 2928 868 2986 in
892 2927 945 2986 hoc
967 2926 1013 2985 illi

57 3022 249 3098 adhaeserunt,
266 3025 343 3102 quod
363 3025 478 3084 initium
498 3025 599 3102 gratiae
618 3026 656 3087 sit
677 3047 714 3085 ex
728 3026 819 3085 libero
834 3025 962 3098 arbitrio,
980 3045 1012 3084 ac

59 3121 179 3198 subinde
191 3127 269 3205 quod
283 3127 381 3204 prima
394 3127 488 3204 gratia
509 3145 546 3185 ex
560 3125 653 3204 aliquo
667 3127 770 3186 merito
791 3109 877 3186 liberi
897 3124 1012 3185 arbitrii

59 3223 219 3292 proveniat.
261 3227 398 3303 Ideoque,
423 3224 493 3283 licet
520 3225 556 3284 ad
582 3225 741 3301 perfectam
766 3225 889 3283 salutem
916 3243 1012 3282 conse·

62 3323 212 3398 quendam,
224 3328 254 3385 et
267 3327 303 3385 ad
316 3325 523 3403 proficiendum
533 3324 564 3382 in
574 3324 657 3388 bonis
672 3324 805 3404 operibus
819 3323 942 3399 gratiam
953 3343 1012 3382 essa

62 3425 248 3486 necessariam
268 3427 461 3498 admitterent,
477 3445 635 3502 numquam
649 3430 746 3484 tamen
761 3444 794 3483 eo
808 3427 1009 3500 pervenerunt,

65 3523 97 3576 ut
117 3542 178 3582 eam
201 3527 290 3604 gratis
311 3527 374 3586 dari
396 3526 591 3598 concederent,
609 3529 658 3585 sed
681 3546 717 3584 ex
742 3524 839 3601 aliquo
861 3523 935 3582 bono
956 3543 1012 3581 usu

64 3613 145 3682 liberi
171 3625 293 3702 arbitrii,
323 3647 410 3706 quem
436 3626 590 3704 ponebant,
618 3626 667 3686 vel
693 3626 726 3684 in
752 3622 880 3684 naturali
907 3623 1012 3684 effectu
