2410 4314
172 397 211 471 78
538 385 593 449 De
614 384 743 449 Gratia.
951 386 1055 470 [n1sr.
1071 409 1121 452 111.

166 557 228 614 Deo
241 553 396 630 conjuncta
412 575 420 622 3
440 551 472 608 in
486 551 548 608 Deo
558 552 642 627 quasi
656 552 688 608 in
702 570 806 610 oceano
817 550 968 612 felicitatis
982 552 1123 612 immenso

168 658 229 712 tota
252 653 402 728 absorpta;
434 650 465 708 in
489 650 585 708 Deum
618 651 829 728 quodammodo
852 652 1071 727 transformata,
1096 659 1123 712 et

169 752 253 830 quasi
274 750 414 809 deificata.
457 750 488 809 Si
512 750 538 808 is
561 755 605 808 est
628 750 763 826 splendor
786 753 816 808 et
836 750 1027 826 pulchritudo
1049 753 1125 812 beati

167 853 248 910 illius
262 851 312 928 qui
327 850 415 910 stiam
438 850 591 908 minimum
616 855 696 908 tenet
716 850 813 908 locum
833 849 912 909 inter
927 852 1063 922 sanctos,
1080 853 1124 910 cni

169 951 265 1008 omnia
278 954 442 1026 comparata
456 969 522 1026 quae
536 949 569 1007 in
583 954 643 1009 toto
663 950 772 1008 mundo
794 949 946 1026 splendida
961 953 991 1008 et
1004 952 1125 1028 pulchra

168 1049 294 1108 inveniri
304 1052 428 1126 possent,
444 1049 475 1107 in
486 1068 577 1107 unum
592 1047 762 1121 consociata,
785 1050 868 1125 quasi
881 1048 969 1108 fimus
983 1053 1014 1110 et
1028 1051 1125 1109 fumus

169 1152 263 1207 essent
277 1171 286 1219 3
307 1147 378 1225 quid
391 1147 546 1208 dicendum
560 1148 595 1206 dc
605 1148 661 1207 ista
671 1147 862 1208 universitate
872 1149 1015 1209 ubertatis
1024 1149 1125 1210 domus

168 1249 234 1322 Dei,
250 1269 308 1326 qua
323 1249 433 1326 singuli
447 1248 548 1308 Sancti
569 1247 774 1307 inebriantur?
814 1248 867 1308 Nil
881 1248 940 1308 dici
954 1253 1055 1325 potest
1069 1250 1125 1308 nisi

169 1349 246 1426 quod
279 1367 346 1408 oum
369 1348 447 1407 Isaia
471 1348 549 1406 dixit
570 1348 810 1423 Apostolus:-“
822 1348 933 1407 Oculus
956 1368 1014 1408 non
1041 1350 1124 1422 vidit,

169 1468 222 1508 nec
236 1448 314 1508 auris
328 1448 453 1521 audivit,
468 1467 521 1506 nec
535 1447 567 1506 in
581 1467 629 1506 cor
642 1447 770 1506 hominis
783 1447 943 1507 ascendit.'’

209 1553 257 1606 49.
278 1548 413 1606 Jamvero
428 1545 580 1606 manifesto
601 1551 631 1605 et
651 1546 783 1606 absolute
803 1549 947 1622 repugnat
967 1544 1033 1604 dari
1046 1565 1127 1624 posse

169 1647 261 1706 ullam
275 1649 436 1706 creaturam
450 1666 561 1723 puram,
583 1645 773 1722 quantumvis
793 1645 960 1721 perfectam,
976 1665 1043 1722 quas
1057 1646 1127 1704 viri-

170 1749 225 1806 bus
238 1766 298 1806 suae
322 1749 434 1805 naturae
457 1745 526 1804 solis
548 1750 645 1821 posset
666 1765 738 1821 opus
758 1744 869 1804 efficere
882 1745 987 1814 ullum,
1003 1745 1054 1804 cui
1069 1747 1127 1804 ullo
1190 1779 1191 1830 3

170 1847 254 1904 modo
268 1851 319 1904 aut
333 1846 394 1904 ullo
409 1845 501 1921 gradu
521 1844 692 1920 respondeat
715 1849 765 1903 aut
786 1849 869 1903 tanta
892 1843 1065 1904 sublimatio
1081 1851 1130 1902 aut

171 1946 365 2024 quodcunque
380 1945 416 2003 ad
429 1949 540 2004 tantam
562 1944 800 2003 sublimationem
821 1943 948 2020 positive
970 1943 1130 2021 disponens

171 2049 223 2105 aut
236 2046 407 2105 conducens.
448 2045 589 2104 Absolute
612 2049 757 2121 repugnat
781 2044 845 2120 ipsa
866 2044 932 2102 idea
952 2063 1035 2120 purae
1050 2065 1129 2104 crea·
1190 2047 1191 2105 i

172 2151 254 2216 turae,
271 2163 335 2219 quae
351 2143 475 2220 seipsam
489 2163 527 2202 ex
541 2145 634 2220 scipsa
648 2143 765 2220 dignam
786 2143 905 2202 reddere
925 2146 1026 2219 posset
1039 2147 1132 2204 tantae

170 2241 356 2313 excelsitatis,
372 2242 434 2300 ulla
447 2241 599 2317 dignitate,
616 2242 704 2301 etiam
716 2241 835 2300 minima
849 2241 993 2317 dignitate
1009 2243 1046 2300 de
1063 2262 1133 2301 con·

171 2360 252 2418 gruo.
300 2341 482 2400 sicutenim
505 2341 583 2398 inter
605 2341 701 2400 Deum
725 2345 755 2399 et
776 2343 937 2399 creaturam
960 2341 1013 2418 (ex
1036 2341 1135 2400 nihilo

171 2441 314 2512 eductam,
342 2461 378 2499 cx
402 2460 431 2498 se
455 2460 567 2499 merum
589 2441 726 2512 nihilum,
750 2444 780 2500 et
802 2439 834 2498 in
855 2439 982 2498 nihilum
1005 2440 1136 2516 singulis

172 2541 334 2612 momentis,
351 2539 408 2599 nisi
422 2541 482 2599 Deo
504 2545 700 2611 conservante,
727 2539 917 2616 relabentem)
941 2539 1064 2598 infinita
1091 2547 1136 2599 est

173 2641 328 2712 distantia;
351 2640 393 2700 ita
412 2641 490 2700 inter
509 2643 644 2700 meritum
658 2659 709 2698 seu
723 2639 895 2716 dignitatem
906 2639 1134 2718 'quemcumque

174 2760 293 2816 operum
307 2744 447 2800 creaturae
462 2743 492 2801 et
504 2743 623 2801 tantum
645 2739 798 2815 praemium
819 2738 936 2797 infinita
956 2742 1000 2797 est
1022 2739 1137 2800 distan-

174 2841 234 2910 tia;
256 2859 350 2914 neque
365 2839 490 2897 alterum
504 2859 569 2898 oum
584 2839 674 2896 altero
685 2837 745 2896 ullo
760 2838 853 2908 modo,
863 2836 949 2896 etiam
965 2837 1137 2912 cogitando,

174 2936 336 2996 commetiri
346 2941 448 3012 potest.
491 2938 639 3007 Quomodo
653 2939 749 2996 autem
759 2939 789 2996 et
799 2939 939 3013 quantam
949 2937 1026 2996 hanc
1037 2938 1139 3013 digni·

176 3040 266 3095 tatem
279 3037 406 3095 habeant
419 3055 506 3112 opera
518 3041 659 3096 creatura
673 3055 724 3112 per
738 3035 870 3112 gratiam,
887 3055 938 3093 suo
952 3035 1017 3094 loco
1032 3038 1140 3115 expla-

175 3135 295 3196 nubitur
309 3155 316 3194 :
339 3135 367 3193 d.
383 3140 429 3200 12,

217 3240 264 3293 50.
296 3233 344 3292 Ad
366 3234 504 3311 majorem
525 3233 620 3292 lucem
640 3234 710 3292 hnic
734 3237 905 3309 argumento
930 3233 1058 3293 dandam
1088 3257 1142 3294 ex-

177 3334 273 3410 empla
286 3335 419 3410 quaedam
444 3333 511 3409 plus
532 3333 631 3391 minus
655 3333 835 3394 illustrantia
847 3332 1000 3409 proferunt
1014 3333 1143 3409 quidam

177 3434 313 3508 theologi.
357 3434 396 3492 1⁰.
420 3434 527 3505 Homo,
543 3433 731 3509 quantumvis
751 3434 838 3508 longo
855 3435 986 3508 tempore
1005 3435 1145 3493 ambulet

178 3535 229 3591 aut
239 3532 324 3591 aliter
338 3551 368 3590 se
382 3535 496 3591 moveat
508 3532 538 3589 in
553 3537 640 3604 terra,
662 3552 813 3608 nunquam
833 3531 952 3607 propius
967 3534 1096 3594 accedet
1110 3536 1146 3593 ad

178 3632 298 3692 coelum.
346 3632 395 3692 Ita
417 3633 502 3692 bomo
526 3631 713 3708 quantumvis
735 3633 795 3691 suis
817 3631 929 3690 viribus
952 3635 1148 3695 naturalibus
