2408 4304
81 388 177 434 mse.
194 366 241 452 x.]
304 367 361 432 De
374 366 658 455 Dz'sposo’tzhnz'bus
672 371 719 435 ad
733 370 880 459 Jostz'fic.
981 389 1042 458 373

75 535 246 606 testentioi,
269 535 497 608 Rosrsuunnss,
520 539 667 610 Kuruonn,
691 541 893 610 Bnoourrnno,
913 538 1043 610 Auronn,

79 635 302 706 &o.‚W111rnr
326 635 358 696 in
381 637 465 696 Rom.
481 637 511 697 ii.
530 643 564 696 13
575 659 582 709 ;
607 638 647 698 iv.
667 641 690 696 l.
733 639 822 696 Huuo
844 656 969 696 errorem
983 637 1045 698 sine

28 743 32 748 ’
79 736 178 797 dubio
205 735 378 814 perstringit
405 737 548 810 Christus,
572 739 644 799 Luo.
666 737 729 797 viii.
752 743 800 799 21.
841 739 919 798 Ilum
939 737 1046 816 saepius

79 841 228 896 memoret
249 838 277 897 S.
291 837 311 896 J
311 855 434 897 nennius
453 837 485 896 in
499 837 620 913 Dialogo
636 858 702 896 oum
716 837 872 916 Tryphone
884 837 995 910 Judseo,
1010 843 1046 896 ut

81 957 118 997 n.
145 941 200 995 125
213 942 356 1012 τ-Ὗμεις
377 941 415 1010 δε,
438 941 526 1014 μηδεν
550 962 657 995 τουτωυ
682 961 858 1014 nevernum,
879 941 949 1014 μηδε
969 961 1046 998 νοειν

84 1041 381 1112 παρασκευιιζομενοι,
411 1041 506 1111 επειδη
529 1061 607 1094 Ἰκατα
631 1062 662 1094 το
691 1061 824 1112 caprimon
852 1061 966 1114 σπερμα
996 1061 1046 1094 του

86 1139 191 1209 Ιακωβ
212 1140 385 1217 τεκναῖεστε,
402 1161 512 1208 παντως
529 1142 709 1214 σωθῃσεσθαι
725 1141 912 1197 παοσδοκατε,
957 1137 1045 1197 “Vos
1070 1179 1073 1190 .

86 1239 199 1309 autem,
220 1255 286 1295 oum
305 1237 382 1296 nihil
395 1239 498 1296 horum
510 1238 692 1314 intelligetis,
707 1257 761 1296 neo
775 1237 812 1296 ed
824 1235 1045 1311 intelligendum

85 1335 188 1412 parati
201 1335 264 1394 sitis
275 1357 282 1408 ;
297 1335 366 1414 quie
376 1337 534 1396 seeundum
546 1337 660 1396 emnsle
671 1355 769 1396 semen
781 1335 837 1395 filii
850 1335 920 1394 estis
931 1335 1044 1406 iacobi,

87 1435 187 1493 salvos
213 1436 329 1494 omnino
355 1456 407 1495 voe
433 1437 548 1496 futuros
574 1435 763 1514 expectatis.''
812 1434 926 1494 Similia
957 1435 1047 1493 hebet

86 1553 121 1595 n.
152 1539 199 1606 25,
229 1539 277 1604 44,
309 1539 374 1596 140.
426 1537 475 1595 Ite
508 1541 537 1595 et
564 1536 616 1594 alii
649 1537 758 1595 Patres.
808 1533 929 1593 =Indicie
963 1533 1046 1592 illius

88 1637 307 1714 superstitionis
326 1657 379 1696 neo
398 1638 486 1698 dubie
507 1657 560 1698 neo
583 1657 647 1696 rere
660 1637 692 1696 iu
705 1637 741 1698 V.
757 1637 948 1722 Testamento,
970 1635 1047 1712 apud

89 1737 254 1814 Prophetas
286 1738 454 1814 presertim,
483 1738 682 1809 inveniuntur,
712 1756 824 1812 nempe,
854 1735 886 1793 iu
911 1735 949 1792 iis
975 1735 1047 1793 loeis

88 1835 124 1894 in
138 1835 245 1912 quibus
258 1836 355 1896 Judaei
379 1838 555 1896 exhibentur
577 1841 613 1897 ut
632 1841 747 1896 tentum
761 1840 791 1895 et
805 1839 865 1895 tem
887 1833 1047 1910 perniciose

91 1953 147 1995 sus
167 1935 232 2011 loge
254 1937 378 2016 ejusque
399 1937 506 1998 ritibus
530 1938 658 1998 externis
680 1937 820 2010 fidentes3
846 1955 872 1996 e.
882 1954 910 2011 g.
934 1934 999 1993 Issi.
1025 1933 1045 1995 i.

93 2039 142 2106 11,
157 2037 210 2096 dre.

134 2137 182 2196 72.
203 2134 260 2194 His
273 2138 388 2210 notetis,
401 2139 462 2215 jam
477 2139 637 2198 statuendos
652 2139 720 2197 sunt
734 2135 935 2196 distinctiones
948 2153 1045 2212 supra,

90 2255 122 2296 n.
139 2235 245 2308 65.67‚
260 2236 372 2314 positae.
415 2239 440 2298 l.
461 2238 557 2311 Fides,
580 2239 616 2298 de
637 2258 696 2316 que
719 2239 751 2297 in
774 2237 906 2296 textibus
928 2233 1048 2312 objectis

91 2353 185 2393 sermo
199 2339 251 2409 est,
265 2354 324 2394 non
344 2341 388 2396 est
401 2337 508 2397 fiducia
527 2338 584 2396 iste
603 2357 669 2414 quae
683 2337 715 2395 in
733 2334 927 2413 propositione
940 2351 1047 2410 praeoe·

92 2434 175 2494 denti
188 2435 306 2512 explosa
320 2439 372 2508 est,
387 2439 422 2495 ut
435 2455 523 2513 supra
542 2439 697 2514 probatum
718 2439 770 2508 est,
786 2455 816 2494 n.
833 2439 860 2504 3,
876 2435 936 2496 dre,
952 2451 981 2490 n.
1000 2435 1047 2501 10,

94 2537 146 2594 doe.
186 2535 235 2593 Ex
248 2536 301 2595 hoo
325 2536 456 2613 sequitur
476 2536 675 2613 objectionem,
699 2537 734 2593 ut
753 2535 788 2592 ab
802 2530 974 2591 adversariis
996 2530 1048 2605 qui

93 2633 230 2692 fiduciam
255 2635 337 2694 illam
363 2638 486 2695 tuentur
512 2636 639 2708 allatam,
665 2635 696 2693 o’oo
723 2635 783 2710 ipso
811 2631 907 2690 limine
929 2647 1049 2705 prorsus

94 2752 183 2795 ruore.

136 2837 183 2897 73.
205 2835 250 2894 II.
272 2835 375 2912 Opere,
402 2835 508 2913 quibus
528 2835 685 2912 opponitur
705 2833 777 2892 fides
795 2828 970 2908 justificans,
990 2846 1049 2885 non

95 2944 165 3000 sunt
188 2959 273 3018 opera
296 2941 373 3000 faeta
396 2962 433 3001 ex
453 2943 508 3003 fide
530 2947 561 3004 et
584 2941 687 3018 gratie,
703 2939 753 3000 sed
776 2956 862 3016 opera
884 2935 962 2994 foetu
981 2937 1049 2993 onte

94 3041 181 3100 fidem
195 3043 225 3101 et
238 3041 300 3102 sine
313 3042 416 3120 gretie,
431 3044 489 3102 imo
503 3044 591 3104 etiem
605 3062 692 3122 opere
705 3040 791 3101 mela.
832 3037 868 3097 ld
879 3037 992 3096 oonstst
1007 3034 1047 3096 1⁰2

94 3161 133 3202 ex
153 3147 249 3204 mente
262 3147 293 3204 et
305 3145 451 3224 proposito
475 3145 505 3206 S.
520 3145 616 3205 Pauli.
657 3145 700 3203 Es
723 3141 801 3202 enim
823 3157 909 3215 opere
928 3136 1049 3212 rejioere

95 3248 125 3304 et
151 3245 307 3306 excludere
332 3247 437 3320 voluit,
467 3248 575 3324 quibus
600 3247 730 3306 fidebant
756 3239 883 3302 Romani
910 3236 1049 3316 (maxime

95 3347 114 3406 J
114 3345 213 3424 udaei),
229 3349 259 3406 et
271 3346 304 3406 in
317 3347 425 3424 quibus
445 3348 653 3425 gloriabantur,
668 3351 808 3424 tunquam
827 3337 1050 3417 disponentibus

97 3450 133 3509 ed
143 3450 388 3527 justificationem,
411 3473 478 3513 oum
501 3457 599 3514 temen
621 3453 658 3512 ad
675 3470 738 3511 eom
760 3445 928 3506 nullomodo
951 3442 1049 3520 dispo-

98 3555 207 3612 nerent.
249 3553 306 3612 Sed
320 3573 406 3632 opere
417 3555 470 3614 illo
489 3555 567 3617 fecte
580 3575 638 3614 non
657 3553 738 3612 fuere
758 3569 796 3610 ex
808 3548 866 3607 fide
880 3549 933 3605 eut
946 3545 1048 3621 gretia.

98 3657 163 3717 Non
187 3676 274 3735 opere
300 3657 472 3720 Gentilium:
500 3681 569 3722 nem
591 3678 677 3739 opere
696 3658 762 3720 haeo
785 3654 864 3715 facta
889 3655 959 3711 sunt
981 3652 1049 3709 ente
