2402 4292
166 398 228 476 284
533 397 590 462 De
607 393 740 461 erasm
942 392 1138 478 [nmmo-nn

167 563 186 596 “
198 559 361 620 Asserimns
375 561 487 622 auxilio
500 562 708 640 praevenientis
724 565 817 638 atque
831 562 1014 636 adjuvantis
1026 563 1140 638 gratie,

165 679 229 738 qum
251 661 314 736 loge
334 661 480 722 ordinaria
493 663 656 722 viatoribus
675 662 881 732 conternntur,
902 663 989 738 qnod
1011 663 1140 722 &men

166 763 216 819 out
239 759 397 821 ineffioaeis
424 763 460 820 od
480 762 697 822 conversionem
720 779 773 820 sen
790 760 1049 838 jnstifieetionem
1069 763 1138 832 sint,

165 859 288 938 pondere
307 860 434 922 alibero
456 881 599 922 consensu
619 865 650 921 et
672 861 875 936 cooperatione
898 862 1028 920 arbitrii
1048 865 1140 920 nostri

167 977 232 1018 oum
252 958 330 1032 illis3
352 964 440 1038 atque
460 961 530 1021 adeo
550 961 583 1020 in
607 961 700 1019 libera
717 963 868 1036 potestate
888 965 996 1019 nostra
1013 981 1081 1021 eme
1093 962 1139 1020 rel

166 1055 218 1116 illo
230 1057 358 1120 effloooie
377 1061 505 1134 reddere,
528 1060 733 1120 consentiendo
747 1063 779 1118 et
792 1061 978 1136 ooopernndo
990 1081 1067 1120 cnm
1078 1062 1137 1120 illis

167 1156 204 1216 od
224 1163 306 1218 notus
320 1158 429 1236 quibus
449 1160 485 1218 sd
501 1159 744 1238 justificationem
764 1158 961 1236 disponimur,
977 1162 1032 1219 sel
1045 1161 1136 1219 inm-

168 1253 246 1316 oaoia
258 1255 310 1316 illa
322 1257 451 1332 reddere,
474 1260 650 1319 continendo
664 1277 839 1318 eonsensum
852 1264 883 1318 et
895 1262 1134 1336 cooperationem

168 1355 303 1424 nostram,
318 1357 371 1412 aut
384 1353 472 1414 etiam
486 1354 627 1414 eliciendo
640 1353 821 1414 eontrarium
834 1353 1006 1414 dissensum
1019 1354 1133 1436 [snpra

168 1471 197 1514 n.
214 1450 277 1534 89].
320 1453 383 1514 Hoo
411 1473 480 1516 sene
506 1459 550 1516 est
574 1455 653 1533 qnod
679 1453 880 1514 disertissimis
902 1455 1007 1514 verbis
1031 1457 1133 1516 definit

168 1551 330 1614 Concilium
344 1553 547 1614 Tridentinum
562 1556 675 1615 duabus
688 1553 911 1614 definitionibns
924 1555 1036 1616 relatis
1050 1555 1132 1637 [sess.

168 1657 268 1733 desp.
285 1659 302 1714 t
317 1659 347 1716 et
360 1675 422 1716 oon.
437 1653 483 1736 4].
525 1655 591 1715 Hoo
614 1656 712 1733 ipsum
731 1655 876 1732 estquod
898 1657 1041 1732 postulat
1059 1659 1130 1717 ratio

168 1754 232 1830 vim,
255 1759 285 1816 et
306 1755 368 1816 sine
382 1777 440 1834 quo
461 1757 581 1816 libertas
599 1757 714 1816 arbitrii
727 1756 821 1815 nostri
834 1756 1130 1832 adjustitieationem

165 1853 196 1914 in
210 1859 326 1932 puncto,
338 1875 394 1934 qno
408 1856 444 1916 sd
455 1857 551 1916 Deum
564 1876 581 1916 e
594 1856 718 1935 peeoatis
732 1858 941 1929 eonvertimnr,
957 1876 1023 1916 non
1036 1865 1128 1936 potest
1191 1933 1192 1944 ἵ

166 1955 245 2016 solvo
258 1957 411 2018 oonsistere
415 1999 570 2020 ......
591 1959 656 2018 Hoo
672 1957 768 2035 ipsum
781 1956 910 2035 deniqne
925 1962 972 2018 est
986 1960 1069 2036 qnod
1080 1960 1125 2018 rel

165 2055 227 2132 ipro
239 2057 411 2134 experientia
431 2059 462 2118 in
481 2078 639 2138 unoquoque
655 2063 781 2118 nostrum
795 2062 929 2132 testatur,
953 2061 1077 2136 quondo
1090 2061 1123 2119 ad

164 2154 260 2214 Deum
286 2157 491 2218 eonvertimur.
534 2158 640 2226 Quivis
664 2157 795 2218 enimin
822 2177 853 2217 se
875 2158 940 2235 ipso
960 2160 1122 2237 experitur,

165 2253 235 2314 dum
249 2253 283 2314 de
297 2257 421 2334 peooetis
434 2259 550 2335 propter
568 2258 665 2317 Deum
679 2255 765 2328 dolet,
786 2255 820 2314 in
833 2275 887 2316 sua
900 2260 1051 2334 potestate
1065 2278 1122 2318 esse

165 2353 311 2416 oontinere
335 2375 401 2418 eum
428 2362 525 2418 aetum
550 2377 608 2435 qno
630 2356 719 2429 dolet,
747 2375 806 2414 non
829 2356 926 2415 solum
950 2357 1121 2418 divertendo

165 2455 200 2516 ad
219 2454 285 2529 alie,
312 2455 362 2516 sed
386 2455 474 2516 etiem
493 2455 699 2526 dissentiendo,
722 2455 986 2533 eomplaoendoqne
1003 2461 1076 2518 tnno
1093 2457 1122 2516 in

164 2555 201 2614 iis
223 2556 294 2634 ipsis
316 2557 442 2634 peooatis
463 2558 498 2618 de
519 2557 627 2634 quibus
651 2556 739 2617 dolet.
781 2557 884 2634 anue
905 2559 1023 2618 ratione
1046 2558 1120 2619 inter

160 2655 236 2734 justi
257 2656 357 2716 leudes
378 2661 572 2735 eomputetnr,
590 2657 669 2735 qnod
684 2656 814 2734 potnerit
832 2657 1000 2732 transgredi
1021 2663 1053 2718 et
1065 2677 1119 2717 non

165 2755 204 2816 sit
218 2759 421 2834 transgressus,
443 2756 536 2816 fecere
554 2757 631 2815 male
651 2761 682 2816 et
699 2775 759 2815 non
780 2755 901 2816 feeerit:
922 2755 955 2814 id
968 2759 1050 2834 qnod
1063 2776 1117 2817 non

164 2855 248 2914 video
261 2873 313 2914 eur
326 2855 529 2934 excipiendum
543 2857 582 2916 sit
595 2857 626 2916 in
636 2861 745 2934 punoto
758 2855 821 2934 ipso
834 2861 1021 2917 momentove
1030 2857 1114 2935 justi·

165 2953 338 3014 floationis.”

207 3053 272 3112 113.
295 3049 479 3128 Objeotionee
494 3055 594 3112 eontra
607 3055 734 3130 systema
747 3051 944 3112 Moliniannm
962 3051 1062 3113 allaim
1075 3051 1116 3112 rel

163 3142 196 3212 in
222 3171 359 3230 perverse
385 3151 478 3230 ipsius
497 3153 663 3230 systematis
683 3153 873 3226 enarratione,
897 3153 947 3212 vel
968 3153 1002 3212 in
1030 3171 1115 3232 prere

163 3259 214 3314 nut
226 3254 381 3314 infundote
393 3253 631 3332 interpretatione
644 3257 783 3314 textuum
797 3254 817 3314 S
832 3254 992 3330 Soriptnrae
1006 3254 1060 3332 (iis
1072 3254 1114 3313 hio

164 3356 297 3434 sepositis
316 3375 383 3434 qnae
407 3375 445 3416 ex
469 3356 606 3416 Patribus
627 3356 812 3434 deriventur)
837 3375 936 3414 omnes
958 3355 1037 3415 mihi
1062 3356 1114 3415 niti

163 3460 309 3521 ridentur.
345 3461 441 3520 Unam
451 3463 504 3520 aut
513 3459 633 3519 alteram
643 3461 693 3519 hio
702 3463 819 3520 tantum
829 3460 983 3537 proferam.
1014 3465 1036 3496 ‘⁴
1046 3460 1114 3528 Quis

163 3559 241 3620 enim
253 3564 284 3620 te
298 3559 435 3620 disoernit
450 3558 501 3641 [ab
516 3557 597 3639 eliis]
609 3557 623 3617 'r‘
657 3559 736 3625 Quid
749 3562 848 3619 entem
861 3559 951 3618 hebes
964 3560 1046 3637 quod
1059 3578 1111 3619 non

163 3657 319 3738 aooepisti?
360 3659 392 3721 si
415 3664 512 3720 autem
533 3657 678 3736 aoeepisti,
701 3658 775 3736 quid
793 3659 926 3736 glorieris
940 3659 1036 3737 ¹quusi
1058 3677 1110 3719 non
