2410 4314
188 403 227 470 7²
564 379 620 445 De
637 379 773 446 Grattir.
986 382 1093 466 [mer.
1109 403 1153 447 111.

187 551 285 630 potius
298 567 359 608 esse
370 546 545 625 peouliaram
559 545 683 623 gratiam
695 547 753 606 Dei
765 546 856 623 gratis
870 547 992 604 omnino
1008 548 1153 610 collatam.

190 651 263 712 Hae
283 648 403 710 assertio
415 651 459 708 est
478 645 566 706 etiam
586 651 687 706 eontra
709 646 970 724 Semipelagianos.
994 691 1153 710 ......

170 769 173 774 ’
189 752 253 811 Hoo
266 748 385 810 initium
398 746 559 808 voluntatis
579 747 717 809 credendi
737 747 813 805 nihil
826 746 908 806 alind
921 751 967 806 est
980 747 1045 806 nisi
1066 751 1155 826 gratia

187 848 355 922 rorationis,
371 852 401 908 et
414 867 473 908 non
492 851 606 906 tantum
616 833 754 907 ¹auternae
769 846 818 906 sed
839 848 929 906 etiarn
950 847 1095 922 internae,
1110 869 1155 928 per

188 969 275 1030 quam
289 952 320 1010 et
332 947 500 1008 intellectus
513 947 660 1018 suadetur,
676 949 707 1006 et
719 947 857 1006 voluntas
870 947 1018 1024 paulatim
1032 950 1154 1009 attrahi·

188 1055 239 1112 tur
251 1053 286 1110 ut
299 1047 372 1108 velit
374 1087 503 1108 .....
525 1047 567 1106 At
580 1063 649 1108 vero
663 1046 716 1106 illa
729 1045 843 1106 vooatio
857 1049 903 1106 eet
916 1065 955 1106 ex
968 1067 1050 1126 pura
1063 1050 1154 1127 gratis

190 1149 254 1220 Dei,
269 1147 328 1208 imo
341 1151 385 1210 est
397 1147 461 1228 ipsa
473 1145 567 1224 prima
579 1147 675 1223 gratia
687 1145 863 1209 auxilians.”
907 1146 1042 1219 Saarna,
1051 1169 1078 1209 e.
1091 1156 1118 1226 3,
1127 1171 1152 1208 n.

193 1255 239 1324 lo.
252 1251 296 1310 17.
337 1249 414 1326 Ergo
427 1247 548 1308 initium
561 1246 807 1312 voluntatissiout
821 1251 851 1310 et
860 1246 924 1324 ipsa
938 1247 1084 1308 voluntas
1097 1269 1151 1310 ere-

191 1349 278 1410 dendi
291 1347 458 1410 salutariter
471 1351 515 1408 est
535 1347 765 1426 supernaturalis
778 1347 874 1426 quoad
887 1348 1093 1408 substantiam
1107 1369 1152 1409 seu

191 1451 222 1508 in
235 1469 275 1512 se.
327 1449 369 1510 3⁰.
397 1449 442 1510 De
452 1447 566 1526 judicio
580 1447 783 1510 eredibilitatis
796 1447 874 1526 quod
893 1447 1037 1524 praeeedit
1049 1449 1151 1508 volun-

189 1553 281 1612 tatem
294 1549 429 1612 eredendi
443 1549 564 1627 ejusque
579 1546 706 1620 initium,
722 1551 804 1610 tenet
818 1548 934 1607 Suessa
943 1548 1009 1628 ⁸(de
1024 1549 1111 1622 Fide,
1126 1551 1150 1609 d.

190 1647 218 1722 6,
234 1669 257 1709 s.
273 1655 302 1722 8,
316 1669 346 1708 n.
365 1653 410 1721 12,
433 1649 498 1726 dre.)
521 1648 597 1708 illud
616 1667 677 1708 esse
694 1647 828 1707 naturale
847 1647 879 1706 in
904 1648 1083 1722 substantia,
1104 1651 1152 1708 hoe

191 1754 289 1813 autam
305 1748 450 1828 judicium
472 1747 565 1808 solum
586 1767 645 1808 non
668 1747 797 1807 sufficere
825 1750 889 1806 “ut
915 1747 1056 1808 voluntas
1084 1750 1151 1808 velit

190 1849 448 1928 supernaturaliter
458 1849 583 1922 eredere,
597 1847 648 1907 sed
657 1847 800 1908 necesaria
810 1851 854 1907 est
863 1847 1048 1907 illuminatio
1062 1850 1149 1928 speei-

191 1950 245 2011 alis
267 1949 394 2028 Spiritus
415 1948 524 2022 Sancti,
540 1967 615 2026 quaa,
630 1951 665 2008 ut
678 1951 723 2006 est
740 1946 771 2006 in
794 1947 959 2031 intellectu,
975 1955 1149 2027 supernatu-

190 2048 259 2120 ralis
286 2053 338 2122 est,
368 2054 398 2109 et
425 2049 456 2108 in
482 2049 665 2108 voluntatem
692 2047 779 2108 etiam
812 2047 986 2122 redundat‚'’
1022 2053 1055 2109 et
1088 2071 1150 2128 ergo

189 2152 435 2218 illuminationem
458 2153 540 2216 illam
558 2156 676 2214 tantum
698 2173 760 2214 essa
780 2153 973 2214 neeessariam
997 2160 1020 2213 ‘.‘
1032 2162 1151 2235 propter

190 2254 439 2334 supernaturalem
453 2258 552 2314 aetum
565 2253 737 2327 voluntatis,
746 2252 778 2313 id
791 2258 844 2328 est,
860 2273 919 2316 non
933 2258 978 2316 est
990 2258 1153 2324 necessaria

190 2358 226 2415 ut
239 2353 315 2414 illud
324 2353 470 2434 judicium
485 2354 545 2429 fiat,
562 2355 612 2414 sod
626 2361 660 2414 ut
673 2355 749 2414 illud
762 2354 883 2432 adjuvet
904 2355 941 2414 ad
959 2357 1150 2419 exaltandum

189 2459 219 2516 et
240 2455 431 2518 obtinendum
454 2459 553 2518 aetum
576 2454 766 2516 voluntatis?
808 2455 889 2516 Luae
914 2456 957 2532 (d.
987 2461 1035 2529 11,
1064 2476 1096 2522 n.
1122 2462 1150 2536 8)

191 2559 272 2616 tenet
295 2561 315 2594 “
320 2555 465 2635 judicium
482 2555 558 2616 illud
577 2574 639 2616 esse
657 2555 877 2638 supernaturale
896 2556 993 2632 quoad
1015 2559 1150 2619 substan-

190 2656 271 2732 tiam,
288 2656 364 2718 siout
377 2664 407 2717 et
419 2656 513 2735 ipsam
526 2656 708 2719 voluntatem
722 2655 888 2728 eredendi‚'’
903 2659 934 2716 et
946 2657 1023 2718 hano
1038 2664 1151 2720 senten-

190 2757 263 2816 tiam
287 2756 359 2816 dioit
382 2776 445 2818 esse
467 2775 649 2818 communem
678 2756 786 2816 “inter
811 2761 925 2816 nostroe
948 2759 1151 2821 recentiorea'’

191 2855 259 2917 Sive
273 2857 386 2916 Susam
400 2856 456 2918 sibi
469 2855 539 2916 satis
552 2859 664 2916 constet
677 2855 708 2916 in
721 2855 759 2922 iis
769 2874 836 2934 quar
847 2855 918 2916 dicit
929 2856 965 2916 de
974 2857 1032 2917 hoe
1041 2859 1151 2936 judicio

191 2960 221 3015 et
242 2955 279 3014 de
300 2954 363 3034 ipso
387 2959 454 3016 aotu
477 2954 547 3015 fidei
571 2955 613 3034 (n.
629 2956 690 3042 32),
706 2955 827 3034 planum
850 2959 895 3016 est
916 2956 1074 3018 dissidium
1095 2980 1151 3020 esea

191 3058 287 3116 totum
310 3057 346 3116 de
369 3077 400 3116 re
425 3057 458 3118 ad
482 3057 642 3117 doctrinam
664 3058 843 3120 catholicam
869 3056 947 3118 nihil
972 3062 1149 3136 pertinente.

190 3156 285 3216 Ambo
299 3155 375 3216 enim
391 3156 568 3218 conveniunt
581 3159 754 3219 affirmantes
772 3159 933 3220 absolutam
947 3161 1150 3223 nenessitatem

192 3257 293 3336 gratia
321 3258 357 3318 ad
380 3258 526 3338 judicium
553 3259 754 3320 eredibilitatis
777 3261 941 3337 praeedens
967 3261 1150 3323 voluntatem

191 3357 327 3418 credendi
353 3357 525 3420 salutaliter.
576 3359 615 3420 Et
640 3360 703 3433 hoo,
726 3359 807 3420 salva
834 3359 964 3420 doctrina
991 3361 1149 3434 catholiea,

191 3475 292 3518 oeneeo
305 3459 406 3536 negari
419 3479 478 3518 non
491 3479 591 3538 posse:
617 3463 682 3520 tum
697 3459 766 3538 quia
775 3458 922 3537 judicium
934 3459 1012 3519 illud
1028 3463 1150 3540 positive

192 3557 319 3634 disponit
331 3559 367 3618 ad
381 3559 486 3632 fidem;
507 3563 571 3620 tum
585 3579 623 3620 ex
636 3561 696 3620 fere
710 3563 810 3638 aperto
824 3559 1016 3620 deelaratione
1031 3561 1149 3621 Consilii

193 3658 435 3721 Tridentiniz-“
450 3659 654 3742 Disponuntur
682 3663 779 3721 autem
807 3660 843 3719 ad
876 3659 968 3737 ipsam
990 3659 1147 3738 justitiam,
