2410 4318
195 437 254 498 ¹94
567 413 623 480 Da
640 414 771 482 Gratia.
980 417 1089 502 [mse.
1104 438 1150 482 vu.

228 580 275 638 ³⁵9.
296 579 344 638 Ad
358 577 525 638 facultatem
537 577 659 639 liberam
673 581 731 640 <luo
744 582 912 642 neccssaria
926 587 1013 644 sunt.
1041 585 1152 644 “Unum

188 684 233 738 est
251 680 331 756 quod
348 678 401 737 illa
421 678 461 738 sit
477 678 609 755 potentia
629 680 733 754 activa,
758 701 797 740 ex
819 701 850 741 se
870 685 902 742 et
916 701 956 741 ex
972 703 1035 742 sua
1049 685 1155 742 interna

187 779 329 840 facultate
354 779 464 838 habeus
486 777 548 837 vim
573 779 611 837 ad
638 781 831 839 exercendam
859 785 890 840 et
919 783 1157 859 suspendendum

189 878 331 940 actionem
344 897 436 937 suam.
472 875 567 936 Aliud
580 882 632 950 eat,
645 880 724 956 quod
734 879 787 938 illa
796 880 935 952 facultas,
949 881 1032 941 dnm
1047 887 1158 941 exercet

188 982 296 1050 actum,
318 977 361 1038 ita
374 978 412 1036 sit
426 976 565 1054 disposita
585 981 615 1037 et
634 978 766 1054 proxime
788 978 838 1056 (ut
850 979 896 1039 ita
911 980 1033 1059 dicam)
1049 1000 1157 1058 praepo-

187 1080 251 1138 rata
271 1078 308 1136 ad
321 1097 403 1155 opus,
423 1082 467 1149 ut,
488 1075 592 1153 positis
611 1077 747 1136 omnibus
766 1078 920 1154 requisitis
941 1081 1155 1156 adaugendum,

187 1177 278 1254 possit
290 1195 375 1253 agere
389 1179 419 1235 et
431 1194 491 1234 non
510 1175 625 1251 agere.”
669 1176 791 1248 Susam,
812 1176 1043 1254 Metaphyeica,
1061 1180 1094 1238 d.
1115 1183 1155 1250 19,

187 1295 209 1338 a.
226 1281 254 1348 4,
270 1295 300 1336 11.
314 1280 342 1336 8.
384 1275 481 1334 “Duo
502 1278 570 1334 sunt
591 1275 627 1336 ad
647 1275 812 1334 libertatem
833 1276 953 1336 arbitrii
974 1278 1154 1338 necessaria

185 1377 286 1435 Unum
309 1377 354 1434 est
376 1392 458 1451 posse
485 1374 579 1432 facere
605 1377 726 1446 actum3
747 1373 828 1432 aliud
851 1393 939 1451 posse
960 1396 1029 1436 non
1052 1377 1154 1448 facere,

185 1474 274 1535 etism
287 1473 436 1550 supposita
449 1472 559 1549 integra
574 1473 714 1532 facultate
728 1472 863 1532 faciendi.
901 1476 951 1532 Ex
962 1495 1030 1552 qua
1045 1475 1154 1552 duplici

184 1575 326 1652 potestate
340 1571 420 1650 prior
433 1571 491 1632 dici
504 1575 600 1649 potest
612 1571 848 1644 fundamentalis,
862 1575 894 1632 et
905 1575 996 1650 quasi
1010 1575 1154 1634 inchoans

185 1673 349 1732 libertatem
373 1671 405 1730 in
426 1675 494 1730 actu
513 1669 607 1747 primo
618 1692 626 1744 ;
647 1671 788 1746 posterior
806 1690 876 1730 vero
897 1673 1060 1734 voluntati
1088 1675 1152 1732 dans

184 1773 302 1840 modum
323 1769 474 1848 potestatis
494 1769 696 1842 indifferentis,
720 1774 749 1830 et
773 1769 857 1846 quasi
885 1772 1046 1848 complens
1068 1773 1151 1832 liber·

184 1876 283 1934 tatem.
325 1871 458 1947 Utraque
485 1873 583 1929 autem
615 1872 742 1946 potestas
776 1869 863 1928 debet
890 1871 1061 1932 subsistere
1088 1891 1148 1930 cun

182 1970 303 2032 auxiliis
317 1969 439 2046 gratie:
459 1969 600 2046 posterior
613 1969 730 2045 quidem
749 1987 817 2027 cum
834 1969 955 2041 efficaci,
977 1971 1068 2048 prior
1082 1989 1146 2030 vero

184 2090 251 2130 cnm
265 2068 448 2134 sufficienti,”
489 2069 576 2141 Idem,
590 2068 648 2140 hio,
663 2068 684 2126 l.
697 2074 726 2142 4,
741 2086 765 2128 c.
781 2072 809 2126 2.
824 2087 854 2126 n.
872 2070 898 2131 7.
940 2069 1014 2131 Vid.
1032 2076 1066 2132 et
1079 2072 1144 2132 Pro·

181 2171 287 2247 legom.
305 2175 331 2231 1.

220 2272 290 2328 ⁴⁶10.
312 2268 453 2339 Libertas,
469 2267 525 2327 etsi
544 2268 744 2346 praesupponit
762 2275 859 2342 actum
876 2267 1064 2346 intellectus,
1090 2271 1140 2330 for·

181 2369 296 2428 maliter
317 2372 361 2428 est
380 2367 412 2426 iu
426 2366 586 2440 voluntate,
611 2373 699 2444 prout
717 2371 797 2427 tenet
811 2370 975 2428 communis
995 2368 1141 2430 sententis

180 2473 247 2548 post
267 2469 295 2530 S.
313 2469 459 2540 Tnonax,
483 2471 508 2527 l.
522 2487 549 2544 p.
565 2489 593 2544 q.
612 2473 659 2540 83,
683 2471 843 2540 a.3et4;
870 2473 936 2528 1.2.
952 2489 980 2546 q.
999 2475 1049 2543 13,
1073 2472 1137 2529 al.

181 2574 261 2630 Dum
282 2569 360 2629 euim
379 2587 432 2645 per
451 2567 634 2627 intellectum
654 2568 690 2626 fit
706 2567 862 2644 judicium,
885 2587 938 2644 per
954 2569 1136 2630 voluntatem

178 2663 213 2732 fit
231 2670 334 2732 electio
355 2668 460 2745 agendi
472 2669 522 2728 vel
541 2688 599 2726 non
616 2669 730 2744 agendi.
770 2669 839 2728 Alia
853 2669 888 2728 de
901 2669 1045 2730 libertate
1059 2670 1135 2730 vide-

180 2777 267 2834 antur
286 2770 364 2847 apud
385 2769 475 2829 Scan.
497 2769 530 2828 ll.
550 2788 590 2830 cc.
605 2773 636 2829 et
648 2769 680 2827 in
693 2773 778 2830 tract.
800 2771 836 2829 de
850 2770 1040 2845 Voluntaria,
1065 2772 1093 2830 d.
1110 2773 1132 2838 1,

180 2893 203 2932 s.
220 2876 247 2942 3,
264 2876 293 2930 ct
306 2871 437 2928 auctores
447 2868 553 2944 passim
566 2868 599 2928 iu
613 2873 697 2928 tract.
712 2870 748 2928 de
761 2870 885 2929 Actibus
895 2869 1049 2930 Humanis
1064 2867 1132 2930 etin

121 2947 135 2970 ⁸
180 2966 390 3045 Metaphysica.
1191 2995 1193 3070 p

223 3070 266 3124 ll.
289 3064 464 3123 Nocotoram
488 3083 603 3126 errores.
627 3067 669 3124 10.
691 3067 838 3126 Lutberua
858 3069 888 3126 et
907 3065 1050 3126 Calvinus
1071 3065 1129 3126 dix·
1192 3083 1193 3092 ³

179 3169 266 3226 erunt
285 3182 399 3222 omnem
419 3163 543 3239 gratiam
564 3166 707 3226 efficacem
725 3167 758 3226 in
777 3165 893 3226 homine
913 3165 996 3242 lapso
1017 3183 1129 3242 prorsus

177 3267 319 3345 perimere
340 3264 465 3324 liberum
487 3265 648 3338 arbitrium,
674 3270 704 3326 et
727 3287 793 3326 eum
817 3268 870 3326 sub
892 3266 1021 3342 appulsu
1044 3267 1127 3343 hujus

178 3367 279 3444 gratiae
303 3365 424 3443 physica
446 3365 571 3442 quadam
597 3367 767 3426 necessitate
790 3365 847 3442 agi,
869 3369 899 3424 et
920 3364 1047 3423 similem
1072 3381 1126 3424 esse

178 3474 197 3501 ‘⁶
208 3471 321 3539 trunco,
340 3464 441 3543 lapidi,
463 3467 567 3525 statuae
581 3465 643 3523 vita
660 3465 799 3524 carenti.''
839 3463 912 3524 Dixi
934 3463 999 3520 “in
1012 3463 1124 3522 homins

174 3567 255 3644 lapso
268 3565 296 3639 ;’'
318 3565 372 3624 hoo
395 3564 472 3623 cuim
493 3583 552 3623 non
576 3564 771 3623 affirrmabaut
794 3564 830 3622 de
852 3562 969 3621 homine
991 3561 1026 3620 in
1050 3565 1121 3621 stato

175 3662 367 3737 innocentiae;
389 3664 447 3723 imo
463 3683 501 3723 ex
514 3664 598 3741 lapsu
622 3666 651 3722 et
664 3666 780 3740 peccato
795 3661 928 3738 originali
941 3662 1016 3720 hanc
1036 3665 1120 3720 totam
