2424 4300
87 459 168 504 nisa.
186 439 253 522 111]
302 439 357 503 De
374 438 495 503 Gratia
511 439 671 505 elevante:
691 439 841 526 positive.
996 464 1036 525 95

84 605 177 675 batus,
193 605 346 663 adstatum
361 605 536 681 religiosum,
552 606 586 664 ad
602 625 699 664 curam
713 606 882 678 animarum,
897 607 1037 667 advitam

84 704 167 762 valde
182 707 334 776 austeram,
351 705 388 764 ad
401 705 582 782 martyrium,
598 707 647 764 dac.
665 708 713 765 &a
754 707 816 765 Hos
826 727 923 767 omnes
936 708 1037 784 gratiis

83 803 142 862 illis
159 808 255 879 auget,
272 823 337 880 quae
361 805 565 864 convenientes
587 809 616 865 et
638 809 807 883 opportunae
827 810 896 866 sunt
915 807 1037 868 adfines

81 903 210 963 intentos
223 903 423 981 assequendae.

124 1006 188 1063 100.
217 1002 318 1077 Objeot.
335 1009 362 1069 9.
388 1003 511 1076 “Velle,
538 1003 651 1081 adjacet
671 1003 746 1063 mihi
758 1025 765 1076 ;
788 1004 924 1082 perficere
937 1009 1036 1067 autem

78 1103 196 1177 bonum,
219 1121 277 1160 non
300 1101 447 1162 invenio.''
498 1104 582 1162 Rom.
597 1101 648 1163 vii.
667 1107 713 1162 la.
754 1105 832 1181 Ergo
854 1105 1034 1166 voluntatem

78 1203 151 1260 bene
165 1201 303 1278 operandi
318 1222 355 1262 ex
371 1203 454 1262 nobis
474 1203 580 1263 habere
605 1222 770 1280 possumus,
786 1204 841 1264 etsi
859 1223 918 1263 non
938 1205 1032 1283 ipsum

79 1302 282 1377 opusbonum.
809 1347 821 1362 .

123 1401 190 1460 101.
212 1401 295 1476 Rerp.
318 1399 475 1478 Distinguo
492 1421 498 1460 :
513 1400 606 1470 Velle,
619 1419 684 1461 cum
698 1401 800 1478 gratia,
816 1401 929 1478 adjacet
941 1402 1034 1463 mihi:

81 1499 134 1557 sed
147 1498 205 1557 alia
218 1504 247 1580 91
260 1500 353 1559 multo
367 1501 468 1560 fortior
478 1500 573 1577 gratia
582 1500 741 1559 necessaria
754 1505 798 1560 eat
811 1502 847 1560 ad
861 1502 1035 1580 cpuaipaum

80 1597 308 1675 exsequendum,
324 1603 441 1677 propter
455 1599 641 1659 difficultates
655 1599 760 1677 quain
774 1620 858 1677 opere
872 1603 1036 1679 exaequando

79 1698 224 1768 existunt,
247 1717 304 1756 non
329 1703 425 1758 autem
446 1699 477 1757 in
503 1719 536 1758 eo
550 1698 682 1760 colando:
697 1699 827 1759 Concedo
844 1699 957 1772 :Vella
975 1700 1036 1761 aine

78 1794 184 1868 gratia,
198 1795 309 1871 adjacet
322 1795 413 1854 mihi:
436 1795 518 1871 Nego
531 1815 537 1855 :
555 1801 575 1830 “
586 1795 666 1854 Deus
680 1801 723 1855 est
737 1796 823 1870 enim,
835 1795 888 1874 qui
901 1801 1036 1873 operatur

77 1896 111 1954 11
125 1896 208 1956 vobis
223 1901 253 1958 et
265 1897 332 1958 oolla
346 1901 375 1957 et
388 1896 556 1975 perficere.'’
598 1896 727 1974 Philipp.
742 1896 772 1955 ii.
791 1901 838 1958 1³.

124 1999 191 2054 102.
216 1996 320 2070 object.
340 2001 384 2055 10.
409 1995 671 2057 “Misericordiam
695 1994 752 2054 Dei
776 1999 1033 2066 consecuturam,

78 2093 152 2171 quia
164 2095 300 2171 ignorans
314 2097 370 2155 feci
386 2097 415 2154 in
434 2095 667 2156 incredulitatc.’'
711 2100 724 2155 1
742 2093 817 2154 Tim.
834 2097 852 2154 i.
868 2099 914 2154 10.
956 2094 1033 2172 Ergo

77 2197 246 2271 ignorantia
271 2195 331 2254 fuit
362 2215 448 2255 causa
471 2195 596 2272 positiva
626 2193 785 2274 (“qaia'’)
818 2195 973 2271 disponens
997 2196 1032 2254 ad

77 2297 212 2370 gratiam,
229 2313 295 2372 qua
310 2299 407 2355 tamen
421 2315 505 2354 causa
519 2315 586 2354 sane
600 2315 638 2354 ex
652 2296 746 2371 gratia
759 2313 817 2352 non
830 2294 898 2354 fuit.

123 2398 188 2453 10³.
208 2394 294 2470 neap.
317 2395 491 2454 consecutus
505 2399 549 2454 eet
562 2394 694 2470 gratiam,
706 2413 764 2452 non
775 2394 858 2470 quaai
870 2393 1033 2470 ignorantia

77 2495 157 2552 99991
169 2511 256 2551 cauea
268 2495 380 2570 gratiae,
400 2493 450 2552 sed
471 2494 541 2571 quia
561 2511 647 2552 causa
665 2492 723 2551 fuit
740 2509 792 2550 cur
811 2496 962 2568 peccatum
975 2512 1032 2550 non

76 2594 158 2653 esset
180 2611 216 2650 ex
240 2592 360 2664 malitia,
386 2598 416 2652 91
440 2593 481 2653 sic
495 2593 648 2669 impedivit
670 2611 706 2651 ne
730 2591 805 2650 obex
824 2590 875 2650 ille
889 2595 964 2650 erret
981 2591 1032 2667 qui

74 2690 203 2768 positive
217 2692 319 2767 gratiae
333 2693 495 2753 obsisteret,
536 2689 708 2768 Ignorantia
723 2709 782 2748 non
802 2689 874 2748 fecit
895 2709 961 2748 eum
980 2693 1032 2749 aut

74 2789 241 2866 digniorem
262 2795 314 2850 aut
332 2792 492 2850 ullomodo
516 2791 648 2868 dignum,
673 2791 722 2850 aed
744 2793 860 2850 tantum
874 2787 971 2848 minus
985 2787 1030 2846 in·

73 2891 211 2964 dignum.

121 2993 187 3047 104.
212 2991 312 3068 in'ect.
330 2996 375 3050 11.
401 2998 419 3024 “
432 2989 675 3068 Appropinquate
689 2991 759 3059 Deo,
775 2992 805 3048 91
818 2987 1030 3065 appropinqua·

74 3087 123 3147 bit
137 3089 248 3148 vobia.”
289 3091 387 3150 Jacob.
412 3091 452 3149 iv.
479 3095 506 3150 8.
547 3090 624 3165 Ergo
648 3090 727 3148 Deua
746 3095 873 3147 nostram
886 3087 923 3146 ad
935 3086 1030 3164 iprum

76 3188 389 3265 appropinquationem
411 3193 553 3267 expectat,
588 3190 755 3266 priusquam
777 3188 813 3246 ad
844 3205 896 3245 noa
928 3179 1030 3265 appro-

75 3286 234 3363 quinquet.

121 3391 189 3446 105.
220 3388 300 3464 Rerp.
332 3388 507 3462 Distingua:
543 3387 793 3466 Appropinquate,
819 3387 891 3446 bena
915 3387 1031 3443 utentes

72 3485 181 3562 gratiis
195 3506 266 3564 quaa
280 3489 360 3547 Deua
374 3488 456 3547 vobia
470 3487 636 3566 impertitur
650 3487 686 3546 ad
700 3504 785 3563 opera
799 3483 936 3543 salutaria
949 3503 1029 3541 excr-

73 3586 179 3657 cenda,
194 3591 225 3646 et
236 3587 263 3646 ie
277 3588 521 3665 appropinquabit
540 3587 824 3662 vobis-peccatores
833 3581 1028 3660 justificando,

69 3687 173 3766 justos
187 3691 340 3766 augmento
355 3688 454 3765 gratiae
476 3687 667 3747 cumulando:
692 3685 838 3746 Concedo:
862 3680 1029 3767 Appropia-
