<?xml version="1.0" encoding="UTF-8"?>
<!DOCTYPE html PUBLIC "-//W3C//DTD XHTML 1.0 Transitional//EN"
    "http://www.w3.org/TR/xhtml1/DTD/xhtml1-transitional.dtd">
<html xmlns="http://www.w3.org/1999/xhtml" xml:lang="en" lang="en">
 <head>
  <title>
</title>
<meta http-equiv="Content-Type" content="text/html;charset=utf-8" />
  <meta name='ocr-system' content='tesseract 3.04.00' />
  <meta name='ocr-capabilities' content='ocr_page ocr_carea ocr_par ocr_line ocrx_word'/>
</head>
<body>
  <div class='ocr_page' id='page_1' title='image "./tractatusdegrat00murrgoog_0336.png"; bbox 0 0 2402 4292; ppageno 0'>
   <div class='ocr_carea' id='block_1_1' title="bbox 77 415 1052 510">
    <p class='ocr_par' dir='ltr' id='par_1_1' title="bbox 77 415 1052 510">
     <span class='ocr_line' id='line_1_1' title="bbox 77 415 1052 510; baseline -0.001 -16"><span class='ocrx_word' id='word_1_1' title='bbox 77 446 183 496; x_wconf 70' lang='lat' dir='ltr'><strong>mss.</strong></span> <span class='ocrx_word' id='word_1_2' title='bbox 201 420 266 510; x_wconf 90' lang='lat' dir='ltr'>1x.]</span> <span class='ocrx_word' id='word_1_3' title='bbox 341 423 397 489; x_wconf 77' lang='lat' dir='ltr'><strong>Dc</strong></span> <span class='ocrx_word' id='word_1_4' title='bbox 410 421 549 488; x_wconf 77' lang='lat' dir='ltr'><strong>Natura</strong></span> <span class='ocrx_word' id='word_1_5' title='bbox 563 421 597 487; x_wconf 80' lang='lat' dir='ltr'><strong>et</strong></span> <span class='ocrx_word' id='word_1_6' title='bbox 616 415 664 488; x_wconf 66' lang='lat' dir='ltr'><strong>Va·</strong></span> <span class='ocrx_word' id='word_1_7' title='bbox 677 415 772 488; x_wconf 70' lang='lat' dir='ltr'><strong>Grai.</strong></span> <span class='ocrx_word' id='word_1_8' title='bbox 787 417 903 488; x_wconf 79' lang='lat' dir='ltr'><strong>Habit.</strong></span> <span class='ocrx_word' id='word_1_9' title='bbox 992 441 1052 509; x_wconf 80' lang='lat'><strong>321</strong></span> 
     </span>
    </p>
   </div>
   <div class='ocr_carea' id='block_1_2' title="bbox 83 569 1060 970">
    <p class='ocr_par' dir='ltr' id='par_1_2' title="bbox 83 569 1060 970">
     <span class='ocr_line' id='line_1_2' title="bbox 83 569 1057 672; baseline 0.002 -20"><span class='ocrx_word' id='word_1_10' title='bbox 83 591 293 671; x_wconf 83' lang='lat' dir='ltr'><strong>quaesticnem</strong></span> <span class='ocrx_word' id='word_1_11' title='bbox 304 589 353 652; x_wconf 93' lang='lat' dir='ltr'><strong>bic</strong></span> <span class='ocrx_word' id='word_1_12' title='bbox 367 569 429 651; x_wconf 83' lang='lat' dir='ltr'><strong>csse</strong></span> <span class='ocrx_word' id='word_1_13' title='bbox 442 590 479 651; x_wconf 89' lang='lat' dir='ltr'><strong>de</strong></span> <span class='ocrx_word' id='word_1_14' title='bbox 493 588 562 650; x_wconf 94' lang='lat' dir='ltr'><strong>solis</strong></span> <span class='ocrx_word' id='word_1_15' title='bbox 575 588 699 650; x_wconf 81' lang='lat' dir='ltr'><strong>adultis:</strong></span> <span class='ocrx_word' id='word_1_16' title='bbox 714 587 746 648; x_wconf 92' lang='lat' dir='ltr'><strong>in</strong></span> <span class='ocrx_word' id='word_1_17' title='bbox 760 590 892 667; x_wconf 77' lang='lat' dir='ltr'><strong>parvulis</strong></span> <span class='ocrx_word' id='word_1_18' title='bbox 905 593 983 654; x_wconf 89' lang='lat' dir='ltr'><strong>enim</strong></span> <span class='ocrx_word' id='word_1_19' title='bbox 992 593 1057 672; x_wconf 56' lang='lat' dir='ltr'><strong>jnsss</strong></span> 
     </span>
     <span class='ocr_line' id='line_1_3' title="bbox 85 689 1059 772; baseline 0.002 -20"><span class='ocrx_word' id='word_1_20' title='bbox 85 691 248 752; x_wconf 86' lang='lat' dir='ltr'><strong>tifioaudis</strong></span> <span class='ocrx_word' id='word_1_21' title='bbox 272 693 337 771; x_wconf 89' lang='lat' dir='ltr'><strong>(per</strong></span> <span class='ocrx_word' id='word_1_22' title='bbox 360 690 537 769; x_wconf 82' lang='lat' dir='ltr'><strong>baptismum</strong></span> <span class='ocrx_word' id='word_1_23' title='bbox 558 689 690 749; x_wconf 85' lang='lat' dir='ltr'><strong>fluminis</strong></span> <span class='ocrx_word' id='word_1_24' title='bbox 713 693 766 750; x_wconf 86' lang='lat' dir='ltr'><strong>aut</strong></span> <span class='ocrx_word' id='word_1_25' title='bbox 788 691 952 772; x_wconf 78' lang='lat' dir='ltr'><strong>sanguinis)</strong></span> <span class='ocrx_word' id='word_1_26' title='bbox 975 695 1059 754; x_wconf 92' lang='lat' dir='ltr'><strong>nulla</strong></span> 
     </span>
     <span class='ocr_line' id='line_1_4' title="bbox 85 789 1057 869; baseline 0 -17"><span class='ocrx_word' id='word_1_27' title='bbox 85 791 265 869; x_wconf 80' lang='lat' dir='ltr'>requiritur</span> <span class='ocrx_word' id='word_1_28' title='bbox 284 790 445 869; x_wconf 78' lang='lat' dir='ltr'><strong>dispositio.¹</strong></span> <span class='ocrx_word' id='word_1_29' title='bbox 485 791 583 864; x_wconf 91' lang='lat' dir='ltr'><strong>Porro,</strong></span> <span class='ocrx_word' id='word_1_30' title='bbox 599 789 810 868; x_wconf 87' lang='lat' dir='ltr'><strong>dispositiones,</strong></span> <span class='ocrx_word' id='word_1_31' title='bbox 831 796 938 869; x_wconf 78' lang='lat' dir='ltr'><strong>proetcr</strong></span> <span class='ocrx_word' id='word_1_32' title='bbox 959 793 1057 867; x_wconf 87' lang='lat' dir='ltr'><strong>fidem,</strong></span> 
     </span>
     <span class='ocr_line' id='line_1_5' title="bbox 89 888 1060 970; baseline 0.003 -19"><span class='ocrx_word' id='word_1_33' title='bbox 89 890 272 952; x_wconf 75' lang='lat' dir='ltr'><strong>necessarios</strong></span> <span class='ocrx_word' id='word_1_34' title='bbox 286 891 323 951; x_wconf 89' lang='lat' dir='ltr'><strong>ad</strong></span> <span class='ocrx_word' id='word_1_35' title='bbox 332 889 573 970; x_wconf 82' lang='lat' dir='ltr'><strong>justificationem</strong></span> <span class='ocrx_word' id='word_1_36' title='bbox 582 888 677 949; x_wconf 87' lang='lat' dir='ltr'><strong>sdnlli</strong></span> <span class='ocrx_word' id='word_1_37' title='bbox 689 908 749 948; x_wconf 91' lang='lat' dir='ltr'><strong>non</strong></span> <span class='ocrx_word' id='word_1_38' title='bbox 761 893 831 950; x_wconf 91' lang='lat' dir='ltr'><strong>sunt</strong></span> <span class='ocrx_word' id='word_1_39' title='bbox 840 911 938 952; x_wconf 89' lang='lat' dir='ltr'><strong>omncs</strong></span> <span class='ocrx_word' id='word_1_40' title='bbox 952 893 1060 954; x_wconf 83' lang='lat' dir='ltr'><strong>caedsm</strong></span> 
     </span>
    </p>
   </div>
   <div class='ocr_carea' id='block_1_3' title="bbox 91 989 1177 1070">
    <p class='ocr_par' dir='ltr' id='par_1_3' title="bbox 91 989 1177 1070">
     <span class='ocr_line' id='line_1_6' title="bbox 91 989 1177 1070; baseline 0.005 -20"><span class='ocrx_word' id='word_1_41' title='bbox 91 991 131 1050; x_wconf 92' lang='lat' dir='ltr'><strong>in</strong></span> <span class='ocrx_word' id='word_1_42' title='bbox 145 991 230 1052; x_wconf 87' lang='lat' dir='ltr'><strong>omni</strong></span> <span class='ocrx_word' id='word_1_43' title='bbox 243 1009 320 1053; x_wconf 66' lang='lat' dir='ltr'><strong>casus</strong></span> <span class='ocrx_word' id='word_1_44' title='bbox 337 997 342 1010; x_wconf 77' lang='lat'><strong><em>¹</em></strong></span> <span class='ocrx_word' id='word_1_45' title='bbox 357 991 398 1052; x_wconf 96' lang='grc'><strong>10.</strong></span> <span class='ocrx_word' id='word_1_46' title='bbox 421 989 552 1068; x_wconf 81' lang='lat' dir='ltr'><strong>Supponi</strong></span> <span class='ocrx_word' id='word_1_47' title='bbox 564 993 661 1068; x_wconf 90' lang='lat' dir='ltr'><strong>potest</strong></span> <span class='ocrx_word' id='word_1_48' title='bbox 670 989 789 1050; x_wconf 82' lang='lat' dir='ltr'><strong>adultus</strong></span> <span class='ocrx_word' id='word_1_49' title='bbox 802 991 895 1050; x_wconf 91' lang='lat' dir='ltr'><strong>solum</strong></span> <span class='ocrx_word' id='word_1_50' title='bbox 908 1000 1059 1070; x_wconf 82' lang='lat' dir='ltr'><strong>peccatum</strong></span> <span class='ocrx_word' id='word_1_51' title='bbox 1175 1023 1177 1030; x_wconf 39' lang='lat' dir='ltr'>v</span> 
     </span>
    </p>
   </div>
   <div class='ocr_carea' id='block_1_4' title="bbox 67 1089 1074 3574">
    <p class='ocr_par' dir='ltr' id='par_1_4' title="bbox 95 1089 1065 1568">
     <span class='ocr_line' id='line_1_7' title="bbox 95 1089 1059 1169; baseline 0.004 -17"><span class='ocrx_word' id='word_1_52' title='bbox 95 1091 248 1169; x_wconf 75' lang='lat' dir='ltr'>originale</span> <span class='ocrx_word' id='word_1_53' title='bbox 260 1092 386 1166; x_wconf 84' lang='lat' dir='ltr'><strong>hubens;</strong></span> <span class='ocrx_word' id='word_1_54' title='bbox 403 1091 452 1152; x_wconf 78' lang='lat' dir='ltr'><strong>vel</strong></span> <span class='ocrx_word' id='word_1_55' title='bbox 467 1091 509 1164; x_wconf 82' lang='lat'><strong>2⁰,</strong></span> <span class='ocrx_word' id='word_1_56' title='bbox 525 1109 592 1151; x_wconf 91' lang='lat' dir='ltr'><strong>cum</strong></span> <span class='ocrx_word' id='word_1_57' title='bbox 604 1089 741 1167; x_wconf 80' lang='lat' dir='ltr'><strong>originali</strong></span> <span class='ocrx_word' id='word_1_58' title='bbox 754 1091 862 1152; x_wconf 84' lang='lat' dir='ltr'><strong>babens</strong></span> <span class='ocrx_word' id='word_1_59' title='bbox 875 1093 964 1154; x_wconf 85' lang='lat' dir='ltr'><strong>ctiam</strong></span> <span class='ocrx_word' id='word_1_60' title='bbox 977 1099 1059 1156; x_wconf 82' lang='lat' dir='ltr'><strong>actu·</strong></span> 
     </span>
     <span class='ocr_line' id='line_1_8' title="bbox 96 1189 1058 1270; baseline 0.002 -18"><span class='ocrx_word' id='word_1_61' title='bbox 96 1192 163 1252; x_wconf 82' lang='lat' dir='ltr'><strong>alia</strong></span> <span class='ocrx_word' id='word_1_62' title='bbox 175 1196 310 1270; x_wconf 65' lang='lat' dir='ltr'><strong>peccatu</strong></span> <span class='ocrx_word' id='word_1_63' title='bbox 328 1191 377 1253; x_wconf 84' lang='lat' dir='ltr'><strong>vol</strong></span> <span class='ocrx_word' id='word_1_64' title='bbox 393 1190 435 1265; x_wconf 79' lang='grc'><strong>30,</strong></span> <span class='ocrx_word' id='word_1_65' title='bbox 452 1189 616 1268; x_wconf 85' lang='lat' dir='ltr'><strong>baptizatus</strong></span> <span class='ocrx_word' id='word_1_66' title='bbox 625 1189 806 1268; x_wconf 85' lang='lat' dir='ltr'><strong>justificatus</strong></span> <span class='ocrx_word' id='word_1_67' title='bbox 819 1189 851 1252; x_wconf 89' lang='lat' dir='ltr'><strong>in</strong></span> <span class='ocrx_word' id='word_1_68' title='bbox 865 1200 1042 1254; x_wconf 82' lang='lat' dir='ltr'><strong>sacramento</strong></span> <span class='ocrx_word' id='word_1_69' title='bbox 1050 1215 1058 1267; x_wconf 86' lang='lat'>;</span> 
     </span>
     <span class='ocr_line' id='line_1_9' title="bbox 97 1289 1061 1372; baseline 0.003 -20"><span class='ocrx_word' id='word_1_70' title='bbox 97 1291 153 1353; x_wconf 85' lang='lat' dir='ltr'><strong>vel</strong></span> <span class='ocrx_word' id='word_1_71' title='bbox 168 1297 215 1366; x_wconf 84' lang='lat'><strong>40,</strong></span> <span class='ocrx_word' id='word_1_72' title='bbox 231 1296 316 1352; x_wconf 82' lang='lat' dir='ltr'><strong>extro</strong></span> <span class='ocrx_word' id='word_1_73' title='bbox 329 1296 550 1352; x_wconf 85' lang='lat' dir='ltr'><strong>sacramentum.</strong></span> <span class='ocrx_word' id='word_1_74' title='bbox 589 1291 635 1350; x_wconf 90' lang='lat' dir='ltr'><strong>De</strong></span> <span class='ocrx_word' id='word_1_75' title='bbox 648 1289 894 1368; x_wconf 78' lang='lat' dir='ltr'><strong>dispositionibus,</strong></span> <span class='ocrx_word' id='word_1_76' title='bbox 909 1292 941 1354; x_wconf 92' lang='lat' dir='ltr'><strong>in</strong></span> <span class='ocrx_word' id='word_1_77' title='bbox 961 1295 1061 1372; x_wconf 82' lang='lat' dir='ltr'><strong>singu·</strong></span> 
     </span>
     <span class='ocr_line' id='line_1_10' title="bbox 99 1389 1065 1468; baseline 0.002 -16"><span class='ocrx_word' id='word_1_78' title='bbox 99 1392 141 1452; x_wconf 92' lang='lat' dir='ltr'><strong>lis</strong></span> <span class='ocrx_word' id='word_1_79' title='bbox 168 1391 235 1454; x_wconf 88' lang='lat' dir='ltr'><strong>istis</strong></span> <span class='ocrx_word' id='word_1_80' title='bbox 254 1392 377 1468; x_wconf 83' lang='lat' dir='ltr'><strong>casibus,</strong></span> <span class='ocrx_word' id='word_1_81' title='bbox 405 1391 442 1451; x_wconf 87' lang='lat' dir='ltr'><strong>ad</strong></span> <span class='ocrx_word' id='word_1_82' title='bbox 457 1389 697 1468; x_wconf 86' lang='lat' dir='ltr'><strong>justificationem</strong></span> <span class='ocrx_word' id='word_1_83' title='bbox 716 1391 886 1452; x_wconf 86' lang='lat' dir='ltr'><strong>necessariis</strong></span> <span class='ocrx_word' id='word_1_84' title='bbox 908 1392 1065 1456; x_wconf 85' lang='lat' dir='ltr'><strong>videantur</strong></span> 
     </span>
     <span class='ocr_line' id='line_1_11' title="bbox 100 1489 983 1568; baseline 0 -15"><span class='ocrx_word' id='word_1_85' title='bbox 100 1496 248 1554; x_wconf 77' lang='lat' dir='ltr'><strong>tractatus</strong></span> <span class='ocrx_word' id='word_1_86' title='bbox 261 1493 297 1553; x_wconf 89' lang='lat' dir='ltr'><strong>dc</strong></span> <span class='ocrx_word' id='word_1_87' title='bbox 310 1491 514 1566; x_wconf 87' lang='lat' dir='ltr'><strong>Sacramentis,</strong></span> <span class='ocrx_word' id='word_1_88' title='bbox 530 1491 567 1551; x_wconf 90' lang='lat' dir='ltr'><strong>ds</strong></span> <span class='ocrx_word' id='word_1_89' title='bbox 581 1489 730 1568; x_wconf 85' lang='lat' dir='ltr'><strong>Baptismo</strong></span> <span class='ocrx_word' id='word_1_90' title='bbox 743 1495 774 1550; x_wconf 91' lang='lat' dir='ltr'><strong>et</strong></span> <span class='ocrx_word' id='word_1_91' title='bbox 787 1491 983 1553; x_wconf 86' lang='lat' dir='ltr'><strong>Poenitentis.</strong></span> 
     </span>
    </p>

    <p class='ocr_par' dir='ltr' id='par_1_5' title="bbox 104 1589 1066 2272">
     <span class='ocr_line' id='line_1_12' title="bbox 145 1589 1063 1670; baseline 0.004 -19"><span class='ocrx_word' id='word_1_92' title='bbox 145 1591 216 1652; x_wconf 67' lang='grc'><strong>161.</strong></span> <span class='ocrx_word' id='word_1_93' title='bbox 238 1591 369 1660; x_wconf 75' lang='lat' dir='ltr'><strong>Quaestio</strong></span> <span class='ocrx_word' id='word_1_94' title='bbox 389 1595 433 1652; x_wconf 88' lang='lat' dir='ltr'><strong>est</strong></span> <span class='ocrx_word' id='word_1_95' title='bbox 452 1590 500 1650; x_wconf 92' lang='lat' dir='ltr'><strong>hic</strong></span> <span class='ocrx_word' id='word_1_96' title='bbox 518 1590 554 1652; x_wconf 90' lang='lat' dir='ltr'><strong>de</strong></span> <span class='ocrx_word' id='word_1_97' title='bbox 574 1589 644 1650; x_wconf 91' lang='lat' dir='ltr'><strong>solis</strong></span> <span class='ocrx_word' id='word_1_98' title='bbox 656 1589 896 1668; x_wconf 79' lang='lat' dir='ltr'><strong>dispositionibus</strong></span> <span class='ocrx_word' id='word_1_99' title='bbox 909 1592 1063 1670; x_wconf 86' lang='lat' dir='ltr'><strong>proximis.</strong></span> 
     </span>
     <span class='ocr_line' id='line_1_13' title="bbox 104 1689 1062 1771; baseline 0.002 -19"><span class='ocrx_word' id='word_1_100' title='bbox 104 1690 321 1770; x_wconf 81' lang='lat' dir='ltr'><strong>Dispositiones</strong></span> <span class='ocrx_word' id='word_1_101' title='bbox 342 1689 483 1770; x_wconf 71' lang='lat' dir='ltr'><strong>proximu</strong></span> <span class='ocrx_word' id='word_1_102' title='bbox 503 1709 547 1751; x_wconf 81' lang='lat' dir='ltr'><strong>eae</strong></span> <span class='ocrx_word' id='word_1_103' title='bbox 564 1694 642 1765; x_wconf 87' lang='lat' dir='ltr'><strong>sunt,</strong></span> <span class='ocrx_word' id='word_1_104' title='bbox 665 1690 773 1768; x_wconf 89' lang='lat' dir='ltr'><strong>quibus</strong></span> <span class='ocrx_word' id='word_1_105' title='bbox 792 1691 930 1766; x_wconf 92' lang='lat' dir='ltr'><strong>omnibus</strong></span> <span class='ocrx_word' id='word_1_106' title='bbox 950 1694 1062 1771; x_wconf 88' lang='lat' dir='ltr'><strong>positis,</strong></span> 
     </span>
     <span class='ocr_line' id='line_1_14' title="bbox 106 1789 1063 1872; baseline 0.005 -20"><span class='ocrx_word' id='word_1_107' title='bbox 106 1791 210 1852; x_wconf 87' lang='lat' dir='ltr'><strong>statim</strong></span> <span class='ocrx_word' id='word_1_108' title='bbox 229 1795 261 1852; x_wconf 90' lang='grc'><strong>11</strong></span> <span class='ocrx_word' id='word_1_109' title='bbox 280 1791 343 1852; x_wconf 89' lang='lat' dir='ltr'><strong>sins</strong></span> <span class='ocrx_word' id='word_1_110' title='bbox 362 1791 425 1851; x_wconf 83' lang='lat' dir='ltr'><strong>ulls</strong></span> <span class='ocrx_word' id='word_1_111' title='bbox 446 1791 504 1851; x_wconf 84' lang='lat' dir='ltr'><strong>alie</strong></span> <span class='ocrx_word' id='word_1_112' title='bbox 525 1789 715 1869; x_wconf 86' lang='lat' dir='ltr'><strong>dispositione</strong></span> <span class='ocrx_word' id='word_1_113' title='bbox 741 1789 911 1852; x_wconf 86' lang='lat' dir='ltr'><strong>infunditur</strong></span> <span class='ocrx_word' id='word_1_114' title='bbox 933 1792 1063 1872; x_wconf 87' lang='lat' dir='ltr'><strong>justitio.</strong></span> 
     </span>
     <span class='ocr_line' id='line_1_15' title="bbox 106 1890 1066 1970; baseline 0.004 -20"><span class='ocrx_word' id='word_1_115' title='bbox 106 1891 242 1952; x_wconf 66' lang='lat' dir='ltr'><strong>Remoto</strong></span> <span class='ocrx_word' id='word_1_116' title='bbox 256 1890 458 1968; x_wconf 89' lang='lat' dir='ltr'><strong>dispositiones</strong></span> <span class='ocrx_word' id='word_1_117' title='bbox 472 1893 543 1952; x_wconf 90' lang='lat' dir='ltr'><strong>sunt</strong></span> <span class='ocrx_word' id='word_1_118' title='bbox 555 1909 621 1968; x_wconf 87' lang='lat' dir='ltr'><strong>quas</strong></span> <span class='ocrx_word' id='word_1_119' title='bbox 637 1890 736 1969; x_wconf 91' lang='lat' dir='ltr'><strong>aliquo</strong></span> <span class='ocrx_word' id='word_1_120' title='bbox 751 1891 836 1951; x_wconf 91' lang='lat' dir='ltr'><strong>modo</strong></span> <span class='ocrx_word' id='word_1_121' title='bbox 849 1899 1016 1970; x_wconf 77' lang='lat' dir='ltr'><strong>praeparant</strong></span> <span class='ocrx_word' id='word_1_122' title='bbox 1029 1895 1066 1954; x_wconf 82' lang='lat' dir='ltr'><strong>ad</strong></span> 
     </span>
     <span class='ocr_line' id='line_1_16' title="bbox 104 1990 1064 2072; baseline 0.004 -22"><span class='ocrx_word' id='word_1_123' title='bbox 104 1991 356 2068; x_wconf 82' lang='lat' dir='ltr'><strong>justificationem,</strong></span> <span class='ocrx_word' id='word_1_124' title='bbox 367 2010 440 2069; x_wconf 88' lang='lat' dir='ltr'><strong>quas</strong></span> <span class='ocrx_word' id='word_1_125' title='bbox 447 1997 546 2051; x_wconf 85' lang='lat' dir='ltr'><strong>tumen</strong></span> <span class='ocrx_word' id='word_1_126' title='bbox 555 1990 666 2069; x_wconf 87' lang='lat' dir='ltr'><strong>positas</strong></span> <span class='ocrx_word' id='word_1_127' title='bbox 674 2010 732 2050; x_wconf 90' lang='lat' dir='ltr'><strong>non</strong></span> <span class='ocrx_word' id='word_1_128' title='bbox 742 1991 876 2070; x_wconf 87' lang='lat' dir='ltr'><strong>equitur</strong></span> <span class='ocrx_word' id='word_1_129' title='bbox 885 1993 948 2070; x_wconf 89' lang='lat' dir='ltr'><strong>ipsa</strong></span> <span class='ocrx_word' id='word_1_130' title='bbox 954 1993 1064 2072; x_wconf 91' lang='lat' dir='ltr'><strong>justifl-</strong></span> 
     </span>
     <span class='ocr_line' id='line_1_17' title="bbox 108 2090 1063 2170; baseline 0.004 -20"><span class='ocrx_word' id='word_1_131' title='bbox 108 2090 192 2150; x_wconf 89' lang='lat' dir='ltr'><strong>catio.</strong></span> <span class='ocrx_word' id='word_1_132' title='bbox 214 2091 271 2152; x_wconf 86' lang='lat' dir='ltr'><strong>Has</strong></span> <span class='ocrx_word' id='word_1_133' title='bbox 280 2091 483 2168; x_wconf 89' lang='lat' dir='ltr'><strong>dispositiones</strong></span> <span class='ocrx_word' id='word_1_134' title='bbox 491 2095 561 2151; x_wconf 89' lang='lat' dir='ltr'><strong>sunt</strong></span> <span class='ocrx_word' id='word_1_135' title='bbox 568 2091 617 2152; x_wconf 78' lang='lat' dir='ltr'><strong>vel</strong></span> <span class='ocrx_word' id='word_1_136' title='bbox 624 2090 755 2168; x_wconf 76' lang='lat' dir='ltr'><strong>positiva</strong></span> <span class='ocrx_word' id='word_1_137' title='bbox 762 2092 810 2152; x_wconf 86' lang='lat' dir='ltr'><strong>vel</strong></span> <span class='ocrx_word' id='word_1_138' title='bbox 818 2093 973 2170; x_wconf 83' lang='lat' dir='ltr'><strong>negativas.</strong></span> <span class='ocrx_word' id='word_1_139' title='bbox 994 2093 1063 2154; x_wconf 90' lang='lat' dir='ltr'><strong>Dis-</strong></span> 
     </span>
     <span class='ocr_line' id='line_1_18' title="bbox 110 2190 1047 2272; baseline 0.006 -22"><span class='ocrx_word' id='word_1_140' title='bbox 110 2191 290 2269; x_wconf 87' lang='lat' dir='ltr'><strong>positiouum</strong></span> <span class='ocrx_word' id='word_1_141' title='bbox 302 2190 501 2268; x_wconf 82' lang='lat' dir='ltr'><strong>proximarum</strong></span> <span class='ocrx_word' id='word_1_142' title='bbox 515 2190 637 2268; x_wconf 72' lang='lat' dir='ltr'><strong>singulm</strong></span> <span class='ocrx_word' id='word_1_143' title='bbox 647 2197 717 2252; x_wconf 89' lang='lat' dir='ltr'><strong>sunt</strong></span> <span class='ocrx_word' id='word_1_144' title='bbox 727 2193 866 2270; x_wconf 70' lang='lat' dir='ltr'><strong>proximis</strong></span> <span class='ocrx_word' id='word_1_145' title='bbox 876 2194 1047 2272; x_wconf 72' lang='lat' dir='ltr'><strong>partialiter·</strong></span> 
     </span>
    </p>

    <p class='ocr_par' dir='ltr' id='par_1_6' title="bbox 114 2289 1066 2564">
     <span class='ocr_line' id='line_1_19' title="bbox 152 2289 1064 2369; baseline 0.008 -20"><span class='ocrx_word' id='word_1_146' title='bbox 152 2291 221 2352; x_wconf 72' lang='lat'><strong><em>⁴⁵52.</em></strong></span> <span class='ocrx_word' id='word_1_147' title='bbox 242 2289 364 2352; x_wconf 83' lang='lat' dir='ltr'><strong>(lertum</strong></span> <span class='ocrx_word' id='word_1_148' title='bbox 378 2291 474 2364; x_wconf 86' lang='grc'><strong>11110,</strong></span> <span class='ocrx_word' id='word_1_149' title='bbox 489 2294 668 2369; x_wconf 81' lang='lat' dir='ltr'><strong>peccatorem</strong></span> <span class='ocrx_word' id='word_1_150' title='bbox 681 2291 746 2352; x_wconf 91' lang='lat' dir='ltr'><strong>istis</strong></span> <span class='ocrx_word' id='word_1_151' title='bbox 759 2292 996 2369; x_wconf 87' lang='lat' dir='ltr'><strong>dispositionibus</strong></span> <span class='ocrx_word' id='word_1_152' title='bbox 1005 2315 1064 2356; x_wconf 90' lang='lat' dir='ltr'><strong>non</strong></span> 
     </span>
     <span class='ocr_line' id='line_1_20' title="bbox 114 2387 1066 2466; baseline 0.005 -19"><span class='ocrx_word' id='word_1_153' title='bbox 114 2407 222 2448; x_wconf 81' lang='lat' dir='ltr'><strong>merere</strong></span> <span class='ocrx_word' id='word_1_154' title='bbox 237 2387 482 2466; x_wconf 84' lang='lat' dir='ltr'><strong>justificationem</strong></span> <span class='ocrx_word' id='word_1_155' title='bbox 499 2389 538 2449; x_wconf 89' lang='lat' dir='ltr'><strong>ds</strong></span> <span class='ocrx_word' id='word_1_156' title='bbox 558 2388 721 2464; x_wconf 85' lang='lat' dir='ltr'><strong>condigno:</strong></span> <span class='ocrx_word' id='word_1_157' title='bbox 744 2390 773 2449; x_wconf 89' lang='lat' dir='ltr'><strong>d.</strong></span> <span class='ocrx_word' id='word_1_158' title='bbox 792 2393 837 2462; x_wconf 79' lang='lat'><strong>12,</strong></span> <span class='ocrx_word' id='word_1_159' title='bbox 859 2409 889 2449; x_wconf 90' lang='lat' dir='ltr'><strong>n.</strong></span> <span class='ocrx_word' id='word_1_160' title='bbox 908 2396 974 2454; x_wconf 83' lang='lat'>143.</span> <span class='ocrx_word' id='word_1_161' title='bbox 1015 2394 1066 2452; x_wconf 88' lang='lat' dir='ltr'><strong>An</strong></span> 
     </span>
     <span class='ocr_line' id='line_1_21' title="bbox 115 2486 982 2564; baseline -0.002 -14"><span class='ocrx_word' id='word_1_162' title='bbox 115 2507 181 2550; x_wconf 82' lang='lat' dir='ltr'><strong>vcro</strong></span> <span class='ocrx_word' id='word_1_163' title='bbox 195 2486 236 2561; x_wconf 78' lang='lat'><strong>2⁰,</strong></span> <span class='ocrx_word' id='word_1_164' title='bbox 252 2493 361 2549; x_wconf 83' lang='lat' dir='ltr'><strong>mereat</strong></span> <span class='ocrx_word' id='word_1_165' title='bbox 374 2489 478 2548; x_wconf 85' lang='lat' dir='ltr'><strong>saltem</strong></span> <span class='ocrx_word' id='word_1_166' title='bbox 492 2489 528 2548; x_wconf 91' lang='lat' dir='ltr'><strong>de</strong></span> <span class='ocrx_word' id='word_1_167' title='bbox 541 2486 690 2564; x_wconf 79' lang='lat' dir='ltr'><strong>congruo?</strong></span> <span class='ocrx_word' id='word_1_168' title='bbox 710 2487 770 2546; x_wconf 88' lang='lat' dir='ltr'><strong>vid.</strong></span> <span class='ocrx_word' id='word_1_169' title='bbox 785 2489 856 2548; x_wconf 88' lang='lat' dir='ltr'><strong>ibid.</strong></span> <span class='ocrx_word' id='word_1_170' title='bbox 870 2509 899 2550; x_wconf 87' lang='lat' dir='ltr'><strong>n.</strong></span> <span class='ocrx_word' id='word_1_171' title='bbox 917 2493 982 2550; x_wconf 84' lang='grc'><strong>183.</strong></span> 
     </span>
    </p>

    <p class='ocr_par' dir='ltr' id='par_1_7' title="bbox 67 2586 1074 3574">
     <span class='ocr_line' id='line_1_22' title="bbox 157 2586 1070 2654; baseline 0.005 -7"><span class='ocrx_word' id='word_1_172' title='bbox 157 2592 202 2648; x_wconf 81' lang='grc'><strong>53.</strong></span> <span class='ocrx_word' id='word_1_173' title='bbox 221 2589 286 2648; x_wconf 89' lang='lat'>111.</span> <span class='ocrx_word' id='word_1_174' title='bbox 308 2587 453 2654; x_wconf 76' lang='lat' dir='ltr'><strong>Quoniam</strong></span> <span class='ocrx_word' id='word_1_175' title='bbox 462 2589 592 2648; x_wconf 87' lang='lat' dir='ltr'><strong>doctrina</strong></span> <span class='ocrx_word' id='word_1_176' title='bbox 604 2586 755 2648; x_wconf 73' lang='lat' dir='ltr'><strong>Catholicis</strong></span> <span class='ocrx_word' id='word_1_177' title='bbox 768 2588 886 2648; x_wconf 88' lang='lat' dir='ltr'><strong>omnino</strong></span> <span class='ocrx_word' id='word_1_178' title='bbox 897 2593 927 2649; x_wconf 90' lang='lat' dir='ltr'><strong>et</strong></span> <span class='ocrx_word' id='word_1_179' title='bbox 937 2590 1070 2653; x_wconf 84' lang='lat' dir='ltr'><strong>absolute</strong></span> 
     </span>
     <span class='ocr_line' id='line_1_23' title="bbox 117 2687 1068 2766; baseline 0.001 -18"><span class='ocrx_word' id='word_1_180' title='bbox 117 2687 209 2766; x_wconf 87' lang='lat' dir='ltr'><strong>rejicit</strong></span> <span class='ocrx_word' id='word_1_181' title='bbox 222 2687 309 2748; x_wconf 83' lang='lat' dir='ltr'><strong>istum</strong></span> <span class='ocrx_word' id='word_1_182' title='bbox 323 2689 504 2749; x_wconf 82' lang='lat' dir='ltr'><strong>Novatornm</strong></span> <span class='ocrx_word' id='word_1_183' title='bbox 513 2687 660 2760; x_wconf 80' lang='lat' dir='ltr'><strong>fiduciam,</strong></span> <span class='ocrx_word' id='word_1_184' title='bbox 673 2707 731 2747; x_wconf 92' lang='lat' dir='ltr'><strong>non</strong></span> <span class='ocrx_word' id='word_1_185' title='bbox 743 2687 836 2746; x_wconf 92' lang='lat' dir='ltr'><strong>solum</strong></span> <span class='ocrx_word' id='word_1_186' title='bbox 850 2693 885 2748; x_wconf 90' lang='lat' dir='ltr'><strong>ut</strong></span> <span class='ocrx_word' id='word_1_187' title='bbox 893 2689 1068 2764; x_wconf 85' lang='lat' dir='ltr'><strong>nullomodo,</strong></span> 
     </span>
     <span class='ocr_line' id='line_1_24' title="bbox 117 2787 1071 2866; baseline 0.001 -18"><span class='ocrx_word' id='word_1_188' title='bbox 117 2806 168 2848; x_wconf 89' lang='lat' dir='ltr'><strong>ncc</strong></span> <span class='ocrx_word' id='word_1_189' title='bbox 191 2787 343 2864; x_wconf 82' lang='lat' dir='ltr'><strong>udoequatc</strong></span> <span class='ocrx_word' id='word_1_190' title='bbox 366 2807 397 2847; x_wconf 88' lang='grc'><strong>11</strong></span> <span class='ocrx_word' id='word_1_191' title='bbox 420 2787 511 2846; x_wconf 91' lang='lat' dir='ltr'><strong>solam</strong></span> <span class='ocrx_word' id='word_1_192' title='bbox 535 2807 589 2848; x_wconf 87' lang='lat' dir='ltr'><strong>nec</strong></span> <span class='ocrx_word' id='word_1_193' title='bbox 612 2787 783 2865; x_wconf 83' lang='lat' dir='ltr'><strong>partialiter,</strong></span> <span class='ocrx_word' id='word_1_194' title='bbox 811 2787 1011 2866; x_wconf 88' lang='lat' dir='ltr'><strong>disponentem</strong></span> <span class='ocrx_word' id='word_1_195' title='bbox 1034 2790 1071 2850; x_wconf 81' lang='lat' dir='ltr'><strong>sd</strong></span> 
     </span>
     <span class='ocr_line' id='line_1_25' title="bbox 67 2891 1072 2972; baseline 0.004 -21"><span class='ocrx_word' id='word_1_196' title='bbox 67 2906 70 2912; x_wconf 85' lang='lat'>·</span> <span class='ocrx_word' id='word_1_197' title='bbox 116 2891 360 2970; x_wconf 86' lang='lat' dir='ltr'><strong>justificationem,</strong></span> <span class='ocrx_word' id='word_1_198' title='bbox 376 2892 426 2952; x_wconf 89' lang='lat' dir='ltr'><strong>scd</strong></span> <span class='ocrx_word' id='word_1_199' title='bbox 440 2891 519 2952; x_wconf 90' lang='lat' dir='ltr'><strong>utin</strong></span> <span class='ocrx_word' id='word_1_200' title='bbox 533 2911 564 2952; x_wconf 90' lang='lat' dir='ltr'><strong>ss</strong></span> <span class='ocrx_word' id='word_1_201' title='bbox 577 2891 693 2953; x_wconf 82' lang='lat' dir='ltr'><strong>inanem</strong></span> <span class='ocrx_word' id='word_1_202' title='bbox 706 2897 736 2953; x_wconf 91' lang='lat' dir='ltr'><strong>et</strong></span> <span class='ocrx_word' id='word_1_203' title='bbox 745 2892 855 2967; x_wconf 82' lang='lat' dir='ltr'><strong>fictam,</strong></span> <span class='ocrx_word' id='word_1_204' title='bbox 870 2893 967 2954; x_wconf 86' lang='lat' dir='ltr'><strong>omnia</strong></span> <span class='ocrx_word' id='word_1_205' title='bbox 980 2894 1072 2972; x_wconf 76' lang='lat' dir='ltr'><strong>igitur</strong></span> 
     </span>
     <span class='ocr_line' id='line_1_26' title="bbox 121 2992 1073 3073; baseline 0.004 -21"><span class='ocrx_word' id='word_1_206' title='bbox 121 2992 216 3070; x_wconf 87' lang='lat' dir='ltr'><strong>rejicit</strong></span> <span class='ocrx_word' id='word_1_207' title='bbox 228 2993 406 3054; x_wconf 79' lang='lat' dir='ltr'><strong>consectaria</strong></span> <span class='ocrx_word' id='word_1_208' title='bbox 418 3013 456 3054; x_wconf 88' lang='lat' dir='ltr'><strong>ex</strong></span> <span class='ocrx_word' id='word_1_209' title='bbox 469 3012 504 3054; x_wconf 87' lang='lat' dir='ltr'><strong>ca</strong></span> <span class='ocrx_word' id='word_1_210' title='bbox 516 2993 621 3053; x_wconf 91' lang='lat' dir='ltr'><strong>educta</strong></span> <span class='ocrx_word' id='word_1_211' title='bbox 634 2998 664 3054; x_wconf 92' lang='lat' dir='ltr'><strong>et</strong></span> <span class='ocrx_word' id='word_1_212' title='bbox 677 2994 709 3053; x_wconf 90' lang='lat' dir='ltr'><strong>in</strong></span> <span class='ocrx_word' id='word_1_213' title='bbox 722 3014 757 3054; x_wconf 84' lang='lat' dir='ltr'><strong>ea</strong></span> <span class='ocrx_word' id='word_1_214' title='bbox 768 2995 903 3073; x_wconf 84' lang='lat' dir='ltr'><strong>reposita.</strong></span> <span class='ocrx_word' id='word_1_215' title='bbox 936 2997 1073 3056; x_wconf 83' lang='lat' dir='ltr'><strong>Affirmal</strong></span> 
     </span>
     <span class='ocr_line' id='line_1_27' title="bbox 122 3090 1072 3166; baseline 0.006 -16"><span class='ocrx_word' id='word_1_216' title='bbox 122 3110 186 3166; x_wconf 84' lang='lat' dir='ltr'><strong>ergo</strong></span> <span class='ocrx_word' id='word_1_217' title='bbox 202 3090 243 3165; x_wconf 89' lang='lat'><strong>1⁰,</strong></span> <span class='ocrx_word' id='word_1_218' title='bbox 265 3091 352 3152; x_wconf 83' lang='lat' dir='ltr'><strong>istum</strong></span> <span class='ocrx_word' id='word_1_219' title='bbox 371 3091 509 3152; x_wconf 88' lang='lat' dir='ltr'><strong>fiduciam</strong></span> <span class='ocrx_word' id='word_1_220' title='bbox 522 3098 552 3152; x_wconf 92' lang='lat' dir='ltr'><strong>et</strong></span> <span class='ocrx_word' id='word_1_221' title='bbox 564 3091 768 3153; x_wconf 78' lang='lat' dir='ltr'><strong>certitudinem</strong></span> <span class='ocrx_word' id='word_1_222' title='bbox 790 3113 849 3154; x_wconf 92' lang='lat' dir='ltr'><strong>non</strong></span> <span class='ocrx_word' id='word_1_223' title='bbox 867 3115 928 3156; x_wconf 86' lang='lat' dir='ltr'><strong>esse</strong></span> <span class='ocrx_word' id='word_1_224' title='bbox 941 3115 1072 3158; x_wconf 86' lang='lat' dir='ltr'><strong>necessa·</strong></span> 
     </span>
     <span class='ocr_line' id='line_1_28' title="bbox 122 3189 1073 3273; baseline 0.005 -22"><span class='ocrx_word' id='word_1_225' title='bbox 122 3189 192 3251; x_wconf 88' lang='lat' dir='ltr'><strong>riam</strong></span> <span class='ocrx_word' id='word_1_226' title='bbox 205 3190 242 3250; x_wconf 80' lang='lat' dir='ltr'><strong>ad</strong></span> <span class='ocrx_word' id='word_1_227' title='bbox 251 3189 503 3269; x_wconf 83' lang='lat' dir='ltr'><strong>justificationem,</strong></span> <span class='ocrx_word' id='word_1_228' title='bbox 525 3195 556 3252; x_wconf 90' lang='lat' dir='ltr'><strong>st</strong></span> <span class='ocrx_word' id='word_1_229' title='bbox 573 3191 639 3252; x_wconf 88' lang='lat' dir='ltr'><strong>idso</strong></span> <span class='ocrx_word' id='word_1_230' title='bbox 657 3211 716 3252; x_wconf 91' lang='lat' dir='ltr'><strong>non</strong></span> <span class='ocrx_word' id='word_1_231' title='bbox 729 3193 840 3254; x_wconf 84' lang='lat' dir='ltr'><strong>efficere</strong></span> <span class='ocrx_word' id='word_1_232' title='bbox 853 3199 965 3271; x_wconf 88' lang='lat' dir='ltr'><strong>purtem</strong></span> <span class='ocrx_word' id='word_1_233' title='bbox 979 3195 1073 3273; x_wconf 90' lang='lat' dir='ltr'><strong>operis</strong></span> 
     </span>
     <span class='ocr_line' id='line_1_29' title="bbox 120 3290 1070 3370; baseline 0.004 -20"><span class='ocrx_word' id='word_1_234' title='bbox 120 3290 334 3370; x_wconf 83' lang='lat' dir='ltr'><strong>justificationis</strong></span> <span class='ocrx_word' id='word_1_235' title='bbox 357 3291 457 3370; x_wconf 77' lang='lat' dir='ltr'><strong>(conc.</strong></span> <span class='ocrx_word' id='word_1_236' title='bbox 482 3290 562 3351; x_wconf 82' lang='lat' dir='ltr'><strong>Trid.</strong></span> <span class='ocrx_word' id='word_1_237' title='bbox 587 3312 611 3353; x_wconf 93' lang='lat' dir='ltr'><strong>s.</strong></span> <span class='ocrx_word' id='word_1_238' title='bbox 635 3296 662 3364; x_wconf 90' lang='lat'><strong>6,</strong></span> <span class='ocrx_word' id='word_1_239' title='bbox 689 3311 749 3352; x_wconf 82' lang='lat' dir='ltr'><strong>can.</strong></span> <span class='ocrx_word' id='word_1_240' title='bbox 767 3293 828 3370; x_wconf 87' lang='grc'><strong>13).</strong></span> <span class='ocrx_word' id='word_1_241' title='bbox 869 3295 1007 3356; x_wconf 87' lang='lat' dir='ltr'><strong>Affirmat</strong></span> <span class='ocrx_word' id='word_1_242' title='bbox 1028 3297 1070 3370; x_wconf 85' lang='lat'><strong>2⁰,</strong></span> 
     </span>
     <span class='ocr_line' id='line_1_30' title="bbox 124 3391 1073 3472; baseline 0.004 -20"><span class='ocrx_word' id='word_1_243' title='bbox 124 3392 206 3452; x_wconf 88' lang='lat' dir='ltr'><strong>istam</strong></span> <span class='ocrx_word' id='word_1_244' title='bbox 224 3391 432 3453; x_wconf 79' lang='lat' dir='ltr'><strong>certitudinem</strong></span> <span class='ocrx_word' id='word_1_245' title='bbox 451 3392 521 3452; x_wconf 88' lang='lat' dir='ltr'><strong>fidei</strong></span> <span class='ocrx_word' id='word_1_246' title='bbox 541 3393 578 3452; x_wconf 89' lang='lat' dir='ltr'><strong>de</strong></span> <span class='ocrx_word' id='word_1_247' title='bbox 597 3395 715 3472; x_wconf 82' lang='lat' dir='ltr'><strong>propria</strong></span> <span class='ocrx_word' id='word_1_248' title='bbox 730 3393 941 3472; x_wconf 84' lang='lat' dir='ltr'><strong>justificatione</strong></span> <span class='ocrx_word' id='word_1_249' title='bbox 961 3398 1073 3456; x_wconf 86' lang='lat' dir='ltr'><strong>cnullo</strong></span> 
     </span>
     <span class='ocr_line' id='line_1_31' title="bbox 125 3491 1074 3574; baseline 0.007 -23"><span class='ocrx_word' id='word_1_250' title='bbox 125 3491 220 3552; x_wconf 83' lang='lat' dir='ltr'><strong>baberi</strong></span> <span class='ocrx_word' id='word_1_251' title='bbox 237 3512 322 3570; x_wconf 91' lang='lat' dir='ltr'><strong>posse</strong></span> <span class='ocrx_word' id='word_1_252' title='bbox 342 3492 472 3572; x_wconf 81' lang='lat' dir='ltr'><strong>(tuntum</strong></span> <span class='ocrx_word' id='word_1_253' title='bbox 491 3493 573 3552; x_wconf 82' lang='lat' dir='ltr'><strong>obest</strong></span> <span class='ocrx_word' id='word_1_254' title='bbox 590 3497 626 3554; x_wconf 88' lang='lat' dir='ltr'><strong>nt</strong></span> <span class='ocrx_word' id='word_1_255' title='bbox 638 3493 798 3553; x_wconf 77' lang='lat' dir='ltr'><strong>necessaria</strong></span> <span class='ocrx_word' id='word_1_256' title='bbox 817 3494 857 3554; x_wconf 85' lang='lat' dir='ltr'><strong>sit</strong></span> <span class='ocrx_word' id='word_1_257' title='bbox 876 3496 910 3556; x_wconf 93' lang='lat' dir='ltr'><strong>ad</strong></span> <span class='ocrx_word' id='word_1_258' title='bbox 928 3496 1074 3574; x_wconf 89' lang='lat' dir='ltr'><strong>justifica·</strong></span> 
     </span>
    </p>
   </div>
   <div class='ocr_carea' id='block_1_5' title="bbox 126 3593 1185 3677">
    <p class='ocr_par' dir='ltr' id='par_1_8' title="bbox 126 3593 1185 3677">
     <span class='ocr_line' id='line_1_32' title="bbox 126 3593 1185 3677; baseline 0.007 -25"><span class='ocrx_word' id='word_1_259' title='bbox 126 3593 252 3672; x_wconf 75' lang='lat' dir='ltr'><strong>donem),</strong></span> <span class='ocrx_word' id='word_1_260' title='bbox 275 3593 334 3653; x_wconf 91' lang='lat' dir='ltr'><strong>nisi</strong></span> <span class='ocrx_word' id='word_1_261' title='bbox 355 3594 403 3673; x_wconf 90' lang='lat' dir='ltr'><strong>(ut</strong></span> <span class='ocrx_word' id='word_1_262' title='bbox 416 3593 605 3672; x_wconf 86' lang='lat' dir='ltr'><strong>supponitur)</strong></span> <span class='ocrx_word' id='word_1_263' title='bbox 625 3613 678 3672; x_wconf 86' lang='lat' dir='ltr'><strong>per</strong></span> <span class='ocrx_word' id='word_1_264' title='bbox 696 3595 908 3657; x_wconf 72' lang='lat' dir='ltr'><strong>revelationem</strong></span> <span class='ocrx_word' id='word_1_265' title='bbox 921 3599 1074 3677; x_wconf 86' lang='lat' dir='ltr'><strong>specialem</strong></span> <span class='ocrx_word' id='word_1_266' title='bbox 1184 3641 1185 3646; x_wconf 20' lang='grc' dir='ltr'>η</span> 
     </span>
    </p>
   </div>
   <div class='ocr_carea' id='block_1_6' title="bbox 128 3697 1072 3861">
    <p class='ocr_par' dir='ltr' id='par_1_9' title="bbox 128 3697 1072 3861">
     <span class='ocr_line' id='line_1_33' title="bbox 128 3697 1072 3786; baseline 0.008 -26"><span class='ocrx_word' id='word_1_267' title='bbox 128 3701 157 3760; x_wconf 87' lang='grc'><strong>11</strong></span> <span class='ocrx_word' id='word_1_268' title='bbox 167 3697 425 3762; x_wconf 77' lang='lat' dir='ltr'><strong>extraordinariam</strong></span> <span class='ocrx_word' id='word_1_269' title='bbox 439 3699 524 3779; x_wconf 89' lang='lat' dir='ltr'><strong>(ibid.</strong></span> <span class='ocrx_word' id='word_1_270' title='bbox 539 3717 603 3778; x_wconf 82' lang='lat' dir='ltr'><strong>cap.</strong></span> <span class='ocrx_word' id='word_1_271' title='bbox 622 3704 639 3759; x_wconf 86' lang='lat'>9</span> <span class='ocrx_word' id='word_1_272' title='bbox 652 3698 687 3761; x_wconf 91' lang='lat' dir='ltr'><strong>in</strong></span> <span class='ocrx_word' id='word_1_273' title='bbox 698 3699 758 3764; x_wconf 84' lang='lat' dir='ltr'><strong>dns</strong></span> <span class='ocrx_word' id='word_1_274' title='bbox 770 3704 801 3764; x_wconf 91' lang='grc'><strong>11</strong></span> <span class='ocrx_word' id='word_1_275' title='bbox 814 3721 878 3783; x_wconf 86' lang='lat' dir='ltr'><strong>cap.</strong></span> <span class='ocrx_word' id='word_1_276' title='bbox 894 3706 931 3764; x_wconf 89' lang='lat'><strong>16</strong></span> <span class='ocrx_word' id='word_1_277' title='bbox 944 3703 977 3768; x_wconf 89' lang='lat' dir='ltr'><strong>in</strong></span> <span class='ocrx_word' id='word_1_278' title='bbox 988 3705 1072 3786; x_wconf 83' lang='lat' dir='ltr'><strong>dne).</strong></span> 
     </span>
     <span class='ocr_line' id='line_1_34' title="bbox 542 3797 600 3861; baseline 0.052 -3"><span class='ocrx_word' id='word_1_279' title='bbox 542 3797 600 3861; x_wconf 70' lang='lat'><strong>15*</strong></span> 
     </span>
    </p>
   </div>
   <div class='ocr_carea' id='block_1_7' title="bbox 0 0 1232 4292">
    <p class='ocr_par' dir='ltr' id='par_1_10' title="bbox 0 0 1232 4292">
     <span class='ocr_line' id='line_1_35' title="bbox 0 0 1232 4292; baseline 0 0"><span class='ocrx_word' id='word_1_280' title='bbox 0 0 1232 4292; x_wconf 95' lang='lat' dir='ltr'><strong> </strong></span> 
     </span>
    </p>
   </div>
  </div>
 </body>
</html>
