2424 4300
161 416 219 478 128
534 410 589 478 Da
606 409 736 478 Gratia.
967 408 1070 496 [mse.
1086 436 1116 479 v.

157 579 234 652 cuti3
256 578 326 638 adeo
340 581 382 648 ut,
398 579 474 639 facta
493 577 550 640 istc
569 577 716 656 ligatione,
742 582 761 610 ‘⁴
773 575 852 636 omni
865 581 966 654 postea
978 577 1116 637 libidinis

157 698 243 738 sensu
262 677 385 738 ceruit.”
428 678 570 756 (Brevior.
593 679 676 737 Rom.
696 679 713 737 7
736 677 847 751 Martii,
869 677 949 737 Lect.
973 678 1020 754 4.)
1065 677 1111 736 Si·

156 779 226 839 mile
257 777 443 858 privilegium
471 780 502 838 in
529 779 628 839 eadem
660 777 789 836 materia.
818 779 848 836 S.
875 777 1014 854 losepho‚
1045 781 1116 854 post

156 878 276 956 nuptias
301 879 391 938 factas
415 898 482 937 cum
509 877 630 956 Virgine
654 881 685 937 et
706 877 867 954 praesertim
880 881 947 954 post
961 877 1116 937 Christum

155 984 266 1053 natum,
296 997 461 1038 concessum
483 977 574 1037 fuisse
597 977 672 1036 mihi
693 977 779 1036 valde
803 976 942 1036 credibile
966 981 1031 1036 est:
1056 982 1117 1035 tum

154 1081 272 1156 propter
286 1076 457 1154 dignitatem
469 1077 533 1154 ejus
543 1081 573 1137 et
583 1076 707 1136 officium
721 1075 868 1152 singulare
881 1095 949 1152 erga
958 1076 1116 1154 Virginem

155 1185 185 1236 et
198 1177 308 1236 Filium
319 1199 327 1251 ;
348 1187 404 1237 tuin
414 1179 484 1255 quia
494 1176 621 1254 dignitas
634 1177 727 1254 ipsius
735 1175 866 1252 Virginis
879 1181 909 1235 et
928 1179 1033 1253 postea
1042 1177 1116 1236 Filii

154 1279 296 1338 incarnati
310 1283 339 1339 et
352 1280 415 1338 nati
428 1279 460 1338 id
473 1279 619 1357 postulare
633 1278 783 1338 videretur
802 1277 835 1336 in
854 1279 918 1337 viro
937 1278 976 1337 iis
989 1283 1053 1337 tum
1068 1279 1113 1338 in·

154 1380 224 1438 time
238 1379 391 1456 conjuncto
404 1383 435 1440 ct
447 1379 626 1457 probabilius
640 1379 671 1438 in
685 1380 784 1439 cadem
799 1380 882 1438 domo
896 1399 962 1438 cum
973 1378 1012 1438 iis
1025 1381 1112 1438 habi·

153 1485 252 1553 tunte3
275 1483 333 1538 tum
348 1478 416 1557 quia
430 1479 534 1539 docent
556 1477 750 1555 “gravissimi
769 1477 897 1555 theologi
916 1479 1007 1538 talem
1021 1479 1113 1538 fuisse

154 1578 284 1655 Virginis
297 1578 548 1656 pulchritudinem
564 1576 647 1658 [quoe
661 1577 789 1637 maxima
803 1575 888 1658 fuit],
904 1583 940 1637 ut
953 1597 1017 1637 eom
1031 1578 1112 1638 intu-

154 1685 233 1740 entes
247 1679 362 1738 nonnisi
386 1680 422 1738 od
446 1679 609 1739 castitatem
633 1683 663 1738 et
685 1679 857 1756 pudicitiam
870 1679 1021 1739 excitaret.
1063 1681 1113 1740 Ito

154 1781 253 1840 docuit
267 1782 303 1839 D.
319 1781 444 1840 Thomas
466 1827 473 1841 .
497 1827 503 1841 .
528 1825 534 1838 .
558 1825 565 1840 .
587 1781 641 1858 qui
661 1780 763 1840 merito
778 1779 914 1858 adjungit
927 1781 1006 1839 huno
1020 1781 1112 1841 misse

155 1882 310 1956 singularis
323 1882 425 1959 gratius
446 1882 598 1953 effectum
620 1881 690 1958 quia
709 1881 770 1940 sola
789 1881 931 1940 naturalis
949 1881 1045 1940 forma
1058 1887 1111 1941 aut

155 1984 249 2042 virtus
268 1983 316 2042 vel
338 1983 479 2042 modestia
503 1983 540 2041 ud
563 1983 648 2041 illum
668 2002 726 2041 non
749 1983 899 2042 sufficeret.
942 1981 1110 2042 Praesertim

153 2103 220 2141 cum
234 2083 320 2141 addat
336 2082 453 2141 Alensis
456 2125 584 2142 .....
607 2082 640 2142 Β.
657 2082 808 2159 Virginem
830 2102 882 2141 suo
905 2086 1027 2158 aspectu
1041 2102 1109 2142 con-

154 2181 339 2259 cupiscentiae
371 2190 468 2242 motus
499 2181 691 2242 extinxisse.”
743 2183 868 2250 Sciunt,
895 2182 930 2240 de
959 2182 1110 2258 Mysteriis

152 2282 230 2341 Vitoe
246 2281 353 2341 Christi
366 2275 443 2342 et'B.
459 2281 495 2342 V.
510 2282 538 2341 d.
555 2286 582 2353 2,
598 2303 620 2340 s.
637 2287 665 2354 2,
679 2301 709 2340 n.
725 2286 762 2340 4:
786 2281 919 2358 quihonc
933 2283 1108 2341 sententiam

153 2380 412 2458 probabilissimum
439 2387 540 2452 vocat3
564 2381 614 2440 sed
637 2386 733 2440 tumen
753 2380 847 2439 simile
868 2379 1056 2457 privilegium
1077 2383 1107 2440 in

154 2481 218 2539 aliis
236 2480 365 2540 materiis
386 2500 445 2539 non
469 2481 618 2541 concedit:
641 2480 711 2541 ibid.
726 2480 754 2554 d,
781 2481 808 2554 8,
834 2498 866 2538 n.
884 2482 922 2554 7;
944 2480 981 2539 de
994 2481 1106 2553 Gratis,

155 2581 176 2639 1.
190 2599 214 2640 c.
230 2600 260 2639 n.
276 2585 324 2642 23.

196 2681 263 2738 ¹¹26.
296 2681 338 2738 5⁰.
363 2680 482 2738 “Multi
507 2684 538 2739 et
561 2700 661 2756 graves
688 2685 817 2738 auctores
840 2679 894 2736 hoc
918 2662 1106 2755 privilegium

155 2781 256 2840 Beatus
273 2779 390 2855 Virgini
413 2781 558 2852 tribuunt,
578 2784 687 2838 utnon
712 2780 804 2837 solum
825 2779 963 2836 innocens
977 2780 1013 2836 ab
1027 2781 1107 2838 omni

153 2883 279 2957 peccato,
309 2879 469 2939 sedetiam
499 2879 695 2956 impeccabilis
726 2878 758 2936 in
781 2879 835 2937 hac
857 2877 984 2954 vituper
1004 2879 1106 2954 gratiae

154 2977 339 3055 privilegium
354 2979 445 3037 fuerit
458 2979 568 3050 effecta,
583 2979 632 3038 rel
645 2998 662 3036 a
675 2977 816 3055 principio
830 2995 890 3036 suae
910 2979 1107 3054 conceptionis

153 3085 183 3138 et
197 3076 439 3149 sanctificationis,
456 3077 503 3136 vel
517 3077 619 3135 saltem
639 3078 675 3136 ab
695 3096 728 3136 eo
749 3079 893 3136 momento
906 3095 964 3153 quo
976 3076 1106 3136 Verbum

153 3177 334 3237 incarnatum
348 3175 380 3234 in
392 3182 476 3235 utero
496 3177 628 3253 concepit
628 3220 758 3238 .....
779 3177 836 3235 Tot
848 3175 997 3236 doctorum
1008 3182 1104 3236 aucto·

152 3277 224 3336 ritus
247 3275 354 3336 sufficit
373 3278 408 3335 ut
431 3275 494 3334 hoec
518 3275 661 3334 sententia
682 3294 742 3335 non
764 3275 857 3335 solum
881 3295 1032 3335 censuram
1046 3296 1105 3336 non

152 3379 306 3443 mereatur.
329 3376 379 3435 sed
399 3374 486 3435 etiam
509 3375 666 3452 probabilis
686 3373 755 3434 sit.”
798 3375 919 3448 Susum,
933 3375 953 3433 1.
973 3378 1018 3447 10,
1035 3395 1059 3435 c.
1074 3381 1101 3449 8,

152 3495 182 3536 n.
209 3479 243 3534 lo
268 3475 341 3552 (vid.
363 3479 394 3534 st
414 3471 564 3552 de'hlyst.
586 3475 614 3533 d.
635 3480 662 3542 4,
678 3494 699 3532 s
714 3478 758 3552 4).
799 3475 875 3534 Hccc
894 3475 969 3532 mihi
983 3475 1105 3535 dicendo

150 3576 297 3635 videntur.
341 3575 381 3633 1⁰.
405 3575 440 3633 B.
455 3573 546 3652 Virgo
568 3593 627 3632 non
649 3573 708 3632 luit
730 3574 926 3651 impeccabilis
946 3575 982 3633 ab
995 3574 1102 3633 intrin-

149 3693 232 3735 seco:
254 3675 307 3734 hoc
328 3674 406 3735 enim
418 3673 482 3734 fieri
494 3693 553 3734 non
566 3673 664 3751 potuit
676 3671 734 3732 nisi
747 3693 786 3733 ex
800 3673 907 3734 unione
921 3674 1102 3752 hypostatica
