2402 4292
40 403 162 448 mssa.
183 377 250 468 uo]
321 380 378 446 De
391 377 531 447 Natura
545 383 579 447 et
599 373 646 448 Vi
659 379 753 447 Grat.
770 375 888 444 Habet.
977 395 1038 461 317

49 568 236 643 clamores,
259 568 289 629 et
312 566 400 629 etiam
424 567 581 648 aliquando
605 566 727 646 spesmis
749 569 780 628 et
805 563 1042 627 convulsionibus

54 669 248 746 agitantur.
287 667 363 732 Vide
383 673 519 749 excerpta
545 669 582 730 ad
608 669 715 730 calcem
729 667 818 747 hujus
837 664 1042 745 disputationis

56 770 159 831 data.

114 875 173 930 43.
207 869 274 931 Scio
300 871 441 949 quosdam
465 871 618 950 scriptores
649 868 869 946 Evangelicales
892 868 1041 944 doctiores,

63 953 167 1048 quasi
180 974 266 1031 tanto
279 974 409 1032 monstro
429 970 534 1031 erroris
553 971 664 1048 pudore
684 968 781 1030 affecti
795 988 854 1028 non
866 968 912 1056 ita
922 968 1000 1029 clare
1013 974 1043 1028 et

67 1075 255 1132 constanter
279 1072 354 1132 hano
377 1071 514 1132 fiduciam
537 1071 716 1150 personalem
738 1073 932 1148 propugnant.
968 1071 1043 1130 -Sed

70 1171 146 1232 sine
159 1171 252 1232 dnbio
261 1172 422 1232 communis
431 1177 461 1233 et
473 1169 707 1232 communissima
717 1175 761 1231 est
768 1170 890 1230 istarum
900 1171 1044 1230 sectarum

72 1271 230 1332 doctrina.
435 1255 437 1262 Α

124 1378 177 1432 44.
195 1373 239 1434 3⁰.
261 1371 385 1434 Fiducia
405 1373 468 1434 haec
487 1373 656 1434 nullomodo
667 1370 822 1451 justificat,
838 1370 922 1450 quasi
934 1371 1044 1432 habens

77 1472 220 1550 aliquam
250 1472 426 1550 dignitatem
444 1493 495 1535 seu
525 1473 665 1534 meritum
692 1472 905 1551 quodcumque,
932 1470 1045 1532 intuitu
1086 1526 1088 1532 .

79 1571 172 1650 cujus
195 1555 371 1650 justificatio
398 1574 504 1648 detur3
526 1574 577 1634 sed
600 1573 743 1650 justificat
762 1578 798 1632 ut
816 1572 1045 1632 instrumentum

82 1672 189 1753 (quasi
212 1673 329 1751 manus)
351 1675 569 1752 apprehendens
601 1693 741 1751 suamque
766 1673 876 1732 faciens
896 1671 1044 1750 justitiam

83 1771 208 1833 Christi.
260 1774 490 1834 “Justifioamur
504 1793 560 1851 per
581 1773 678 1847 fidem,
704 1791 765 1832 non
786 1777 906 1850 propter
932 1771 1044 1832 fidem:

83 1888 184 1953 neque
205 1872 284 1934 enim
306 1875 401 1954 majus
422 1881 467 1936 est
489 1875 627 1936 meritum
650 1875 682 1934 in
705 1874 764 1934 fide
784 1877 883 1933 nostra
902 1891 990 1951 quam
1010 1873 1043 1932 in

86 1973 224 2052 operibus
250 1974 388 2035 nostris.'’
443 1977 540 2047 Hoon,
569 1975 686 2036 Ghurch
712 1973 892 2052 Dictionary‚
920 1973 952 2033 in
978 1991 1041 2034 voc.

89 2083 110 2112 “
122 2075 208 2136 Fides
217 2094 276 2136 non
285 2075 430 2154 justificet
442 2077 489 2137 vel
503 2076 660 2152 meritorie,
681 2076 731 2136 vel
749 2075 933 2154 posmodum
947 2073 1042 2152 dispo·

89 2173 211 2250 sitionis,
226 2179 262 2236 ut
275 2176 381 2237 volunt
402 2176 560 2249 Pontificii,
583 2176 634 2237 sed
660 2175 795 2253 organice
809 2179 840 2236 et
853 2194 905 2254 per
924 2173 1042 2234 modum

92 2275 335 2353 apprehensionis,
351 2279 498 2355 quatenus
516 2275 657 2336 meritum
677 2275 787 2336 Christi
800 2275 929 2336 inverbo
943 2275 1042 2336 Even-

94 2374 163 2451 gelii
183 2375 314 2436 oblatum
333 2375 568 2455 complectitur.”
611 2376 768 2448 (insusse,
790 2375 868 2454 apud
891 2376 1041 2447 Nemnis,

95 2475 172 2536 Lect
187 2478 213 2550 1,
228 2493 258 2536 n.
274 2479 302 2550 2,
318 2478 392 2538 not.²

135 2579 181 2634 45.
202 2575 536 2638 “Animadvertendum
562 2578 606 2636 cst
627 2573 661 2634 in
683 2576 841 2653 systemate
861 2571 1042 2634 Novatorum

97 2673 179 2734 fldem
195 2674 269 2735 hano
283 2693 334 2736 seu
354 2676 500 2751 fiduciam,
522 2693 588 2754 quae
607 2673 799 2753 apprehendit
818 2671 1042 2733 misericordiam

98 2773 144 2834 vel
154 2775 353 2852 promissiones
373 2775 489 2836 divinas
508 2781 648 2853 tanquam
668 2793 809 2851 organum
822 2779 853 2834 et
866 2773 1042 2833 instrumen-

99 2881 168 2949 tum,
191 2895 249 2937 non
275 2897 337 2938 esse
359 2877 530 2956 mh‘octioam
553 2897 605 2938 seu
630 2875 816 2937 intrinsecam
839 2874 960 2948 homini,
989 2892 1043 2934 neo

100 2975 185 3036 ullam
202 2975 390 3038 intrinsecam
412 2998 464 3039 seu
490 2977 625 3038 intimam
644 2975 815 3038 relationem
841 2975 943 3036 afferre
965 2973 1044 3035 inter

100 3073 234 3137 hominem
248 3081 278 3138 et
291 3075 457 3152 Christum
479 3077 529 3138 sed
539 3097 601 3138 csso
614 3077 708 3138 solum
716 3075 874 3153 objectioam
886 3079 918 3137 et
930 3074 1042 3136 extrin-

130 3303 138 3338 ¹
153 3302 369 3358 “TheOhnrchol
377 3303 503 3373 Iingland,
512 3303 662 3358 andallthe
676 3303 751 3357 other
761 3301 900 3356 Reformed
907 3300 1044 3365 Ghnrohee,

103 3385 166 3441 make
180 3387 221 3442 the
232 3391 374 3459 Procuring
385 3407 456 3444 cause
467 3393 496 3444 cl
506 3393 672 3460 justification
688 3395 716 3444 to
732 3391 763 3442 be
780 3390 824 3442 the
834 3389 953 3442 extrinsio
963 3389 1043 3454 right-

103 3492 205 3528 oousnese
223 3479 252 3529 ol
263 3477 350 3529 Ohrist
369 3477 548 3546 apprehended
568 3479 620 3528 end
641 3477 822 3544 approprieted
844 3475 931 3543 hythe
949 3476 1043 3526 instru-

104 3562 185 3612 mental
194 3562 261 3613 hand
273 3565 301 3614 ol
311 3564 400 3615 raith?
431 3565 530 3630 Frena,
543 3565 675 3617 Primitiae
686 3564 808 3616 Doctrina
818 3563 847 3615 oi
858 3563 876 3615 J
877 3562 1043 3614 notification:

107 3649 199 3715 parea,
209 3665 234 3718 p.
245 3651 295 3702 n'x.
306 3666 347 3703 xx·
