2410 4318
68 401 180 447 mss.
195 379 270 466 v11.]
320 381 376 446 De
393 379 514 446 Gratas
528 379 629 468 Effio.
645 380 806 468 etSuffic.
982 402 1044 464 205

66 547 237 608 sententia
258 546 399 607 affirmare
421 548 538 608 videtur
569 548 693 624 gratiam
714 548 903 626 adjuvantem
934 567 1046 626 semper

68 647 215 726 physice
240 647 362 724 operari.
414 647 482 708 Etsi
506 647 584 707 enim
618 649 737 726 quidam
771 647 901 707 dixerint
923 647 1046 724 gratiam

68 751 279 830 adjuvantem
292 752 446 829 aliquando
460 753 607 812 moraliter
616 755 727 812 tantum
738 753 884 830 adjuvare,
897 752 939 812 ita
948 757 1046 813 tamon

69 867 174 908 suam
197 849 371 909 sententiam
394 849 552 926 explicant,
575 854 610 909 ut
629 851 691 910 haee
711 849 863 910 diversitas
876 849 1046 926 opinionum

70 953 149 1012 “ad
165 953 283 1012 modum
295 953 434 1030 loquendi
443 954 588 1032 pertinere
597 953 742 1027 videtur‚’'
754 961 789 1013 ut
798 953 840 1012 ait
849 954 970 1027 Susam,
982 954 1002 1012 l.
1019 974 1044 1013 o.

120 1057 200 1118 ⁴⁶45.
223 1063 242 1092 ‘⁶
253 1057 487 1134 Observandumss
496 1061 548 1132 est,
570 1058 653 1119 aliud
667 1078 727 1119 esse
741 1057 853 1136 operari
863 1061 898 1118 ut
912 1058 1043 1132 velimus,

62 1157 173 1229 ,aliud
196 1157 307 1236 operari
329 1158 426 1235 ipsum
443 1159 530 1219 velle.
572 1160 649 1218 Nam
672 1159 724 1236 qui
748 1158 874 1218 oonsulit
897 1159 946 1218 vel
963 1165 1046 1235 rogat

72 1258 215 1318 alterum
229 1261 263 1317 ut
276 1257 348 1318 velit
361 1257 480 1335 aliquid,
495 1259 527 1317 id
539 1260 635 1318 totum
655 1262 800 1335 operatur,
822 1261 857 1317 ut
870 1258 945 1344 altar
957 1259 1044 1331 velit;

71 1376 144 1416 non
162 1365 263 1416 tamen
283 1361 420 1434 operatur
440 1358 517 1418 velle
537 1357 640 1434 ipsius.
682 1357 782 1434 Igitur
802 1357 913 1435 operari
926 1363 961 1418 ut
973 1359 1045 1418 veli-

73 1476 152 1516 mus
161 1455 240 1516 nihil
255 1457 337 1516 aliud
350 1461 395 1519 est
409 1476 497 1534 quam
511 1457 623 1534 operari
636 1460 668 1516 in
680 1457 764 1517 nobis
777 1457 898 1534 aliquid,
915 1477 972 1535 quo
985 1458 1045 1518 dis-

73 1577 232 1634 ponamur
244 1557 292 1618 vel
301 1539 475 1618 inclinamur
488 1559 694 1630 advolendum,
710 1562 740 1619 et
753 1578 785 1619 eo
799 1561 894 1618 auimo
907 1563 937 1618 et
949 1558 1044 1619 inten-

75 1659 170 1720 tione
184 1663 220 1720 ut
233 1659 360 1719 vslimus
377 1679 384 1718 ι
405 1657 518 1738 operari
541 1663 639 1720 autem
655 1660 751 1738 ipsum
772 1660 849 1720 vella
871 1663 915 1720 est
936 1657 1045 1721 affidare

75 1757 113 1816 iu
139 1757 229 1817 nobis
246 1758 405 1836 ipsummet
431 1763 528 1818 aetum
551 1759 669 1818 volendi
672 1803 801 1820 .....
823 1759 871 1820 Sia
890 1758 983 1836 igitur
1003 1761 1045 1820 ait

77 1856 274 1934 Augustinus
291 1859 388 1918 Deum
409 1860 521 1935 operari
534 1858 567 1917 in
579 1859 662 1918 nobis
676 1858 738 1918 sine
758 1858 842 1918 uobis
855 1862 893 1920 ut
904 1858 1043 1920 velimus:

77 1955 159 2034 quia
172 1956 236 2034 ipse
250 1957 327 2017 solus
339 1956 402 2016 siue
421 1977 561 2017 consensu
582 1957 674 2017 libero
695 1961 794 2018 nostro
816 1959 904 2018 efficit
917 1958 949 2018 in
961 1958 1045 2020 nobis

79 2056 217 2132 gratiam
240 2056 443 2127 exaltantem
473 2076 532 2130 qua
553 2056 734 2134 disponimur
759 2061 790 2118 et
812 2057 989 2118 inclinamur
1008 2059 1045 2118 ad

78 2155 255 2230 volendum,
273 2155 362 2234 juxta
382 2155 477 2214 illud:
500 2157 701 2239 ‘Praeparatur
721 2157 856 2218 voluntas
869 2177 887 2216 a
899 2157 1043 2218 Domino!

80 2251 176 2310 Unde
191 2251 279 2311 etiam
292 2252 367 2311 ineo
381 2251 435 2328 qui
454 2271 512 2310 non
525 2253 591 2312 vult
604 2255 685 2314 Deus
704 2257 841 2331 operatur
853 2257 889 2314 ut
902 2253 985 2326 velit,
996 2254 1046 2314 sed

81 2350 271 2410 sufficientur
283 2355 410 2424 tantum,
425 2351 495 2428 quia
507 2351 569 2428 ipse
582 2371 642 2410 non
649 2352 715 2412 vult
726 2352 887 2414 consentire
899 2375 907 2414 ι
929 2353 1045 2431 quando

81 2469 157 2510 varo
180 2451 255 2510 alter
274 2451 427 2523 consentit,
443 2449 617 2510 faoitatiam
637 2451 790 2512 efficaciter
790 2495 920 2513 .....
942 2453 1046 2530 Ipsum

83 2550 190 2605 autem
202 2545 278 2606 vella
290 2565 349 2604 non
363 2549 499 2621 operatur
520 2545 601 2604 Deus
613 2545 647 2604 in
659 2547 743 2605 nobis
766 2546 829 2605 sine
852 2546 935 2606 nobis
955 2547 1045 2607 libere

83 2645 310 2723 cooperantibus
322 2663 329 2704 :
344 2645 477 2723 quamvis
491 2665 585 2722 neque
598 2665 651 2705 nos
663 2645 806 2724 possimus
818 2646 896 2705 illud
908 2646 1045 2724 perfioere

84 2743 152 2804 sius
165 2745 229 2804 Deo
243 2745 402 2822 adjuvante
423 2749 453 2804 et
474 2748 645 2822 cooperante
666 2745 840 2816 nobiseum:
861 2745 940 2823 quia,
956 2746 1044 2806 etiam

84 2844 247 2918 postquam
263 2840 385 2900 excitati
408 2861 510 2900 sumus
528 2842 564 2900 ab
588 2841 652 2918 ipso
666 2842 703 2900 ad
716 2842 881 2915 volendum,
898 2843 992 2902 adhue
1006 2863 1044 2901 ex

85 2941 174 3000 nobis
194 2939 401 3000 insufficientes
425 2959 525 3000 sumus
549 2941 586 2999 ad
603 2941 770 3014 volendum,
795 2942 854 3002 nisi
877 2943 957 3003 Deus
982 2942 1045 3019 ipse

86 3040 241 3099 nobiseum
267 3043 428 3114 concurrat,
462 3043 493 3100 et
524 3042 756 3116 supernaturales
782 3041 860 3102 vires
885 3041 1044 3120 praebeat.''

89 3137 217 3212 Susura,
232 3138 304 3198 ibid.
320 3158 350 3199 n.
366 3144 393 3198 5.

129 3238 198 3301 ⁴⁵46.
222 3241 368 3311 Quaritar
381 3259 448 3318 ergo
464 3241 506 3300 2⁰.
549 3241 598 3300 An
616 3241 675 3300 diei
697 3241 788 3319 possit
803 3261 876 3320 opus
889 3242 1015 3303 salutare
1029 3263 1047 3303 a

91 3338 153 3399 sola
166 3340 260 3416 gratia
275 3339 373 3400 effioi?

131 3441 201 3502 ⁴⁵47.
220 3445 306 3518 Raap.
326 3442 364 3501 1⁰.
385 3441 504 3501 Certum
528 3445 573 3502 est
595 3442 721 3501 liberum
738 3421 895 3502 arbitrium
909 3428 1001 3502 active
1016 3461 1046 3502 se

90 3538 244 3602 haberein
257 3563 343 3620 opere
367 3543 489 3602 salutari
510 3545 683 3621 praestando,
708 3547 737 3603 st
759 3562 820 3602 esse
842 3563 959 3602 eausam
982 3545 1046 3621 ejus

92 3639 272 3703 afficientem.
314 3644 379 3702 Imo
393 3646 447 3704 hoo
461 3645 497 3703 de
510 3644 567 3704 fide
581 3649 626 3704 est
640 3665 678 3704 ex
693 3644 771 3704 Trid.
787 3663 808 3704 s.
823 3648 852 3716 6,
867 3663 891 3702 e.
907 3650 935 3703 4.
