2402 4292
322 1146 610 1220 DISPUTATIO
637 1150 783 1226 NONA.

192 1395 240 1450 Dll
256 1393 400 1447 aaroni
416 1395 462 1447 ΕΤ
478 1394 517 1448 VI
533 1393 678 1449 GRATIAE
695 1397 919 1455 acerruma.

378 1585 437 1669 51.
458 1587 591 1647 Notionea
610 1588 738 1649 Previae.

119 1779 147 1836 l.
171 1774 239 1834 Duo
253 1773 322 1832 eunt
336 1771 456 1832 effectus
469 1771 506 1832 ad
520 1791 592 1850 quoe
606 1774 796 1852 assequendoe
811 1775 938 1838 maxime
951 1777 1037 1838 datur

72 1875 175 1953 gratia
197 1871 328 1945 actualia,
350 1889 464 1948 nempe,
486 1875 520 1931 ut
537 1871 622 1931 horno
636 1893 674 1933 cx
687 1878 837 1950 peccatore
856 1876 909 1934 flat
924 1877 1034 1955 justus,

73 1979 108 2036 et
122 1977 159 2034 ut
168 1973 268 2052 juetue
288 1974 434 2048 comparet
454 1983 645 2047 augmentum
661 1973 807 2051 justitia:
828 1974 886 2048 cui,
902 1976 927 2034 si
937 1977 1036 2054 justus

75 2073 210 2145 decedat,
221 2069 404 2166 respondebit
414 2075 602 2146 augmentum
616 2073 715 2148 gloriae
728 2073 760 2133 in
774 2074 865 2136 coelis.
906 2075 1037 2154 Uterque

76 2175 204 2234 effectus
214 2170 389 2250 justificatio
409 2174 530 2229 vocatur
546 2190 553 2230 :
571 2171 743 2248 justificatio
763 2174 921 2250 peccatoria
943 2176 1038 2252 prima

74 2273 251 2352 justificatio
278 2273 409 2342 vocatur,
434 2269 607 2347 justificatio
639 2273 715 2349 justi
749 2277 871 2332 vocatur
905 2276 1034 2334 secunda

79 2375 100 2432 J
103 2371 261 2432 uetiflcatio
275 2371 311 2430 fit
323 2389 375 2447 per
383 2369 560 2428 infusionem
569 2370 671 2445 gratiae
685 2370 852 2444 habitualis,
869 2391 935 2450 quae
950 2373 1037 2432 etiam

76 2470 246 2548 justificans
260 2472 289 2528 et
303 2467 485 2527 sanctificans
504 2473 634 2527 vocatur.
674 2469 748 2528 Haec
762 2467 818 2527 tria
830 2470 948 2528 nomina
960 2469 1037 2530 idem

80 2572 137 2630 cub
151 2574 291 2646 conceptu
305 2568 427 2640 diverso,
444 2566 619 2643 significant,
634 2565 719 2639 infra,
729 2586 759 2626 n.
771 2571 827 2628 16:
849 2569 943 2644 gratia
954 2568 1037 2629 habi·

81 2669 171 2730 tunlie
184 2669 293 2729 dieitur
313 2670 469 2745 quatenus,
493 2666 529 2724 ad
555 2668 647 2725 instar
666 2666 793 2740 habitus,
817 2686 855 2726 ex
867 2671 972 2727 natura
985 2685 1038 2726 ena

83 2771 116 2830 in
139 2769 235 2830 anima
254 2771 406 2846 permanet
429 2767 516 2844 eique
538 2766 733 2826 inhaeret-et
755 2768 795 2826 eie
817 2767 917 2844 gratia
931 2768 1038 2828 actuali

84 2871 247 2949 opponitur,
263 2886 330 2946 quaa
344 2887 383 2926 ex
396 2871 500 2926 natura
513 2886 567 2926 aua
582 2871 734 2926 transenna
748 2870 801 2927 eet.

125 2976 154 3030 2.
178 2971 306 3030 “Gratia
331 2969 515 3028 sanctificans
538 2969 627 3044 vulgo
652 2967 791 3027 definitur
813 2967 1039 3045 supernaturale

88 3071 143 3137 Dei
156 3072 273 3140 donum,
288 3080 490 3146 permanenter
512 3068 657 3127 inhaerens
678 3067 791 3140 animae,
814 3087 872 3144 quo
886 3068 970 3126 homo
984 3067 1038 3127 im·
1080 3119 1082 3124 ,

88 3171 210 3230 mediate
224 3175 253 3228 et
266 3167 425 3227 formaliter
438 3171 554 3226 sanctus
574 3168 713 3238 redditur,
726 3167 835 3243 justus,
851 3167 913 3225 Deo
926 3170 1036 3242 gratae,

89 3272 166 3330 filine
180 3271 236 3330 Dei
246 3271 409 3347 adoptivae,
425 3288 517 3344 capax
540 3269 675 3328 eliciendi
693 3288 779 3345 opera
801 3267 949 3326 meritoria
969 3268 1038 3328 vitae

90 3377 212 3443 aeternae,
237 3371 424 3448 ejusdemque
447 3369 569 3429 haeree.’'
611 3369 763 3439 Pannona,
788 3388 817 3426 n.
843 3369 911 3426 468.
952 3368 1039 3427 Hauc

92 3473 286 3533 definitionem
300 3491 383 3531 suam
402 3471 439 3528 ad
460 3471 575 3530 literam
589 3471 721 3529 fecerunt
737 3473 888 3528 Barcinae
902 3473 932 3530 ct
944 3471 963 3529 J
966 3488 1038 3528 aaa·

93 3592 185 3644 uauu,
200 3591 319 3649 eamque
333 3590 384 3629 noe
397 3577 524 3629 nostram
538 3571 636 3630 eodem
650 3570 732 3627 modo
747 3569 877 3627 facimus.

132 3677 159 3740 3.
180 3673 297 3737 Dicitur
314 3671 420 3754 primo,
444 3669 692 3746 “supernaturale
705 3669 761 3729 Dei
784 3668 923 3732 donum.’'
965 3671 1037 3733 Haec

502 3767 560 3828 14*
