2408 4304
186 423 250 488 424
553 399 610 466 Dc
626 399 761 468 Gratia.
965 397 1066 486 [orsu.
1085 415 1140 465 xm

184 571 269 632 modo
285 569 381 634 mals:
403 569 505 646 Nego:
530 569 643 646 Aliqua
654 587 753 646 opera,
769 575 804 630 ot
822 588 927 631 eorum
940 567 995 647 qui
1008 587 1070 628 non
1082 573 1146 628 sont

184 670 366 733 oonsoieutiae
384 669 527 730 timoratae
548 669 647 728 forsan
665 669 754 747 plura
775 673 831 730 aut
851 670 1005 747 plusque,
1024 668 1147 729 oirenn·

184 770 300 832 stantiis
311 769 417 832 leviter
433 759 518 829 malis
535 769 670 841 subortis,
690 769 728 828 ad
741 769 943 829 substantiam
956 789 1082 846 opernm
1095 789 1148 828 nou

184 872 406 952 pertinentibus,
419 872 488 952 plus
500 870 598 930 miuus
617 871 823 932 maculantur:
847 871 1086 948 Subdisu'nguo:
1112 873 1147 930 Et

184 974 249 1034 iste
258 973 377 1033 maoulae
387 970 688 1034 minuuntmeritum:
711 971 872 1033 mansor:
894 971 1042 1034 Tollnnt:
1059 972 1147 1047 Nego.

187 1073 246 1146 aio,
266 1072 291 1134 si
305 1072 373 1151 quis
393 1072 488 1150 maffia
503 1077 586 1132 notus
607 1090 668 1130 seso
688 1071 727 1130 ud
744 1072 887 1131 orandum
907 1092 963 1150 per
976 1072 1147 1132 semihoram

187 1173 328 1251 oooingot,
350 1176 381 1234 et
400 1192 452 1251 per
472 1175 568 1232 totum
585 1171 662 1231 illud
681 1172 822 1249 temporis
841 1173 985 1250 spatium
1006 1179 1146 1252 quantun

187 1283 291 1358 potest,
306 1281 417 1340 attento
427 1282 458 1338 et
470 1277 575 1338 devote
587 1276 712 1336 orationi
724 1276 982 1338 incumbat-nisi
995 1278 1079 1356 quod
1091 1298 1146 1336 mo

187 1383 339 1442 mentones
359 1399 441 1440 meus
464 1381 529 1456 ejus
550 1377 781 1439 semidoliberete
804 1382 857 1438 unt
878 1380 972 1440 etium
993 1379 1146 1442 deumne

187 1481 335 1544 interdum
354 1479 541 1551 distrahatur,
572 1479 616 1538 ita
637 1482 673 1537 ut
693 1497 794 1538 omnes
813 1478 880 1540 istra
908 1479 1024 1540 mentis
1048 1500 1145 1557 evagr-

187 1582 281 1642 tiones
301 1580 389 1640 simul
404 1581 568 1658 oonjnnotm
585 1578 701 1638 nonnisi
715 1579 849 1658 quinque
863 1579 984 1639 nimiter
1004 1591 1145 1640 momenta

188 1684 378 1759 oooupamnt3
398 1699 519 1758 poenam
534 1697 602 1739 sune
615 1698 667 1757 pro
680 1677 728 1738 his
740 1679 994 1754 disnoouomous,
1011 1681 1045 1742 in
1058 1701 1143 1759 qnon-

189 1786 252 1842 tum
265 1779 438 1842 voluntaria
452 1783 529 1850 sunt,
544 1782 653 1850 meret3
675 1778 742 1856 quis
756 1799 825 1839 vero
838 1799 899 1840 nou
912 1781 1000 1840 videt
1014 1782 1081 1842 ideo
1092 1801 1143 1840 non

188 1882 325 1959 extingui
337 1884 391 1942 aut
404 1880 543 1960 impediri
557 1880 695 1940 meritum
715 1885 878 1941 oeterorum
891 1882 1142 1962 vigintiquinque

188 1983 424 2044 momentorum?
463 1982 537 2042 Hoeo
557 1981 635 2042 enim
656 1981 738 2042 fuere
761 2002 836 2060 opus
860 1982 920 2042 Dei
940 1985 1093 2061 operantis
1116 1985 1142 2042 in

187 2083 304 2144 homine
316 2087 498 2162 ooopemnts3
520 2083 573 2143 ills
583 2087 679 2144 autem
687 2103 794 2163 pamm
803 2085 1018 2162 opushomiuis
1028 2085 1138 2156 infirmi,

187 2184 261 2245 varii
287 2189 318 2246 et
337 2185 496 2246 mutabilis.
537 2186 605 2244 Non
625 2204 692 2261 ergo
711 2185 829 2245 tollitur
852 2186 1006 2259 meritum,
1037 2191 1087 2248 sed
1108 2207 1138 2246 ru

187 2286 276 2346 etium
296 2287 468 2347 minuatur?
507 2284 579 2344 Dixi
602 2287 779 2346 “transeat’'
803 2291 908 2346 eontra
920 2293 1082 2364 praesentes
1094 2287 1137 2346 sd·

188 2387 344 2448 versutius:
366 2385 427 2445 vid.
443 2385 528 2459 inira,
543 2406 572 2446 n.
590 2390 656 2446 195.
1187 2387 1188 2425 t

228 2490 277 2547 84.
299 2486 384 2554 Quod
396 2489 504 2562 urgent
511 2505 549 2545 ex
558 2487 578 2546 J
578 2487 657 2560 roob,
672 2485 715 2544 iii.
728 2484 834 2544 anihil
847 2490 894 2546 est
910 2493 982 2546 :-“
992 2487 1034 2547 In
1046 2487 1138 2547 multis

187 2586 359 2646 offendimus
368 2584 494 2646 omnes.”
514 2587 597 2662 Rerp.
612 2585 790 2662 Distinguo:
826 2586 866 2645 In
875 2586 1031 2648 omnibns:
1047 2589 1135 2664 Nego:

187 2687 226 2746 In
251 2685 374 2748 multis:
405 2685 634 2762 subdistingue:
656 2685 818 2746 Veniuliter
841 2690 873 2747 et
896 2707 935 2748 ex
956 2687 1135 2748 infirmitate:
1186 2715 1187 2718 ¹

188 2786 336 2847 Gonoedo:
359 2784 494 2845 Graviter
507 2789 560 2845 aut
573 2804 612 2844 ex
624 2784 754 2845 malitia:
776 2786 871 2862 Nego.

229 2891 276 2947 ss.
296 2885 378 2953 uuor
401 2885 509 2946 attinet
528 2886 564 2945 ao
583 2869 718 2946 haeresu'n
734 2885 965 2946 calvinistarum
986 2887 1134 2948 uantum

188 2989 285 3050 omnin
294 3008 380 3066 opera
389 2992 489 3048 nostra
496 2988 616 3049 totidem
626 3007 686 3048 esse
693 2992 811 3066 peooata
819 2989 1042 3048 mortalia-1⁰.
1055 2990 1135 3048 Eser·

187 3091 262 3152 titur
282 3088 462 3166 argumentis
485 3089 522 3148 ad
543 3089 618 3148 hano
639 3091 767 3148 nostram
786 3089 1014 3166 propositionem
1027 3089 1133 3149 firman·

188 3193 254 3252 dam
275 3191 392 3251 allatis:
415 3189 441 3248 si
460 3189 539 3250 enim
558 3209 645 3267 opera
665 3189 725 3249 sint
744 3189 985 3262 meritoriam,
1004 3173 1132 3268 ergo'nou

188 3296 258 3351 sunt
270 3293 386 3368 peooeta
399 3289 542 3349 mortalia.
578 3290 622 3350 2⁰.
644 3289 789 3349 Oonvulso
802 3289 997 3350 fundamento
1010 3310 1067 3368 quo
1080 3291 1132 3348 huo

187 3392 294 3453 nititur
305 3390 424 3452 heresis
444 3390 487 3468 (d.
503 3392 545 3468 9),
570 3394 601 3451 et
620 3391 683 3469 ipsu
702 3392 782 3450 illico
803 3390 922 3451 oorruit.
965 3390 1009 3451 8⁰.
1030 3391 1131 3450 Alibia

186 3490 329 3567 theologis
341 3490 450 3549 directe
464 3489 619 3568 disjicitur.
660 3489 706 3551 De
720 3495 804 3551 textu
818 3491 931 3568 objeoto
944 3509 984 3551 ex
998 3491 1064 3551 Issi.
1076 3490 1128 3550 lxr.

188 3596 205 3648 6
219 3591 278 3651 vid.
294 3593 322 3650 Α
336 3591 450 3650 Lamon
463 3591 495 3650 in
509 3591 563 3652 loo.
1183 3611 1184 3649 i

228 3695 276 3748 86.
310 3689 414 3763 Omboi.
446 3694 493 3762 12,
521 3709 558 3748 ex
585 3690 729 3768 dignitate
756 3697 787 3752 et
820 3693 946 3752 efficacia
970 3693 1125 3752 meritorum
