<?xml version="1.0" encoding="UTF-8"?>
<!DOCTYPE html PUBLIC "-//W3C//DTD XHTML 1.0 Transitional//EN"
    "http://www.w3.org/TR/xhtml1/DTD/xhtml1-transitional.dtd">
<html xmlns="http://www.w3.org/1999/xhtml" xml:lang="en" lang="en">
 <head>
  <title>
</title>
<meta http-equiv="Content-Type" content="text/html;charset=utf-8" />
  <meta name='ocr-system' content='tesseract 3.04.00' />
  <meta name='ocr-capabilities' content='ocr_page ocr_carea ocr_par ocr_line ocrx_word'/>
</head>
<body>
  <div class='ocr_page' id='page_1' title='image "./tractatusdegrat00murrgoog_0047.png"; bbox 0 0 2410 4314; ppageno 0'>
   <div class='ocr_carea' id='block_1_1' title="bbox 163 366 1125 454">
    <p class='ocr_par' dir='ltr' id='par_1_1' title="bbox 163 366 1125 454">
     <span class='ocr_line' id='line_1_1' title="bbox 163 366 1125 454; baseline 0 -18"><span class='ocrx_word' id='word_1_1' title='bbox 163 394 202 452; x_wconf 82' lang='lat'>3²</span> <span class='ocrx_word' id='word_1_2' title='bbox 536 367 591 434; x_wconf 80' lang='lat' dir='ltr'>De</span> <span class='ocrx_word' id='word_1_3' title='bbox 609 366 738 434; x_wconf 63' lang='lat' dir='ltr'>Gratata.</span> <span class='ocrx_word' id='word_1_4' title='bbox 962 368 1063 454; x_wconf 72' lang='lat' dir='ltr'>[urse.</span> <span class='ocrx_word' id='word_1_5' title='bbox 1084 393 1125 437; x_wconf 93' lang='lat'>11.</span> 
     </span>
    </p>
   </div>
   <div class='ocr_carea' id='block_1_2' title="bbox 150 534 1126 3736">
    <p class='ocr_par' dir='ltr' id='par_1_2' title="bbox 160 534 1126 910">
     <span class='ocr_line' id='line_1_2' title="bbox 202 534 1126 614; baseline 0.002 -20"><span class='ocrx_word' id='word_1_6' title='bbox 202 538 274 596; x_wconf 65' lang='lat'><strong><em>⁴⁶44.</em></strong></span> <span class='ocrx_word' id='word_1_7' title='bbox 298 537 406 596; x_wconf 78' lang='lat' dir='ltr'>Contra</span> <span class='ocrx_word' id='word_1_8' title='bbox 419 536 472 592; x_wconf 87' lang='lat' dir='ltr'>hoe</span> <span class='ocrx_word' id='word_1_9' title='bbox 489 542 691 608; x_wconf 80' lang='lat' dir='ltr'>argumentum</span> <span class='ocrx_word' id='word_1_10' title='bbox 706 534 801 609; x_wconf 70' lang='lat' dir='ltr'>objicit</span> <span class='ocrx_word' id='word_1_11' title='bbox 822 536 924 594; x_wconf 79' lang='lat' dir='ltr'>Bnnrr.</span> <span class='ocrx_word' id='word_1_12' title='bbox 956 539 979 591; x_wconf 94' lang='lat' dir='ltr'>l.</span> <span class='ocrx_word' id='word_1_13' title='bbox 997 537 1126 614; x_wconf 74' lang='lat' dir='ltr'>Aliqua</span> 
     </span>
     <span class='ocr_line' id='line_1_3' title="bbox 160 633 1126 712; baseline 0.002 -18"><span class='ocrx_word' id='word_1_14' title='bbox 160 656 197 695; x_wconf 86' lang='lat' dir='ltr'>ex</span> <span class='ocrx_word' id='word_1_15' title='bbox 221 636 285 694; x_wconf 91' lang='lat' dir='ltr'>istis</span> <span class='ocrx_word' id='word_1_16' title='bbox 306 633 548 712; x_wconf 83' lang='lat' dir='ltr'>propositionibus</span> <span class='ocrx_word' id='word_1_17' title='bbox 570 634 687 692; x_wconf 89' lang='lat' dir='ltr'>Baianis</span> <span class='ocrx_word' id='word_1_18' title='bbox 711 635 853 693; x_wconf 85' lang='lat' dir='ltr'>damnatae</span> <span class='ocrx_word' id='word_1_19' title='bbox 877 641 946 692; x_wconf 90' lang='lat' dir='ltr'>sunt</span> <span class='ocrx_word' id='word_1_20' title='bbox 970 639 1126 712; x_wconf 87' lang='lat' dir='ltr'>“propter</span> 
     </span>
     <span class='ocr_line' id='line_1_4' title="bbox 161 734 1124 811; baseline 0.003 -17"><span class='ocrx_word' id='word_1_21' title='bbox 161 757 225 794; x_wconf 85' lang='lat' dir='ltr'>aare</span> <span class='ocrx_word' id='word_1_22' title='bbox 239 737 267 792; x_wconf 92' lang='lat' dir='ltr'>in</span> <span class='ocrx_word' id='word_1_23' title='bbox 283 735 404 793; x_wconf 86' lang='lat' dir='ltr'>aliorum</span> <span class='ocrx_word' id='word_1_24' title='bbox 419 734 567 810; x_wconf 80' lang='lat' dir='ltr'>opiniones</span> <span class='ocrx_word' id='word_1_25' title='bbox 577 735 732 811; x_wconf 88' lang='lat' dir='ltr'>judicium,</span> <span class='ocrx_word' id='word_1_26' title='bbox 750 748 779 794; x_wconf 88' lang='lat' dir='ltr'>et</span> <span class='ocrx_word' id='word_1_27' title='bbox 793 736 912 793; x_wconf 85' lang='lat' dir='ltr'>nimiam</span> <span class='ocrx_word' id='word_1_28' title='bbox 930 736 961 793; x_wconf 91' lang='lat' dir='ltr'>in</span> <span class='ocrx_word' id='word_1_29' title='bbox 976 737 1124 796; x_wconf 86' lang='lat' dir='ltr'>vellican-</span> 
     </span>
     <span class='ocr_line' id='line_1_5' title="bbox 160 836 1040 910; baseline 0.002 -16"><span class='ocrx_word' id='word_1_30' title='bbox 160 839 204 894; x_wconf 88' lang='lat' dir='ltr'>dis</span> <span class='ocrx_word' id='word_1_31' title='bbox 219 839 364 896; x_wconf 81' lang='lat' dir='ltr'>doctorum</span> <span class='ocrx_word' id='word_1_32' title='bbox 378 837 528 894; x_wconf 79' lang='lat' dir='ltr'>sententiis</span> <span class='ocrx_word' id='word_1_33' title='bbox 541 836 764 910; x_wconf 85' lang='lat' dir='ltr'>arrogantiam.&#39;’</span> <span class='ocrx_word' id='word_1_34' title='bbox 806 837 954 896; x_wconf 76' lang='lat' dir='ltr'>additam.</span> <span class='ocrx_word' id='word_1_35' title='bbox 970 857 994 895; x_wconf 88' lang='lat' dir='ltr'>o.</span> <span class='ocrx_word' id='word_1_36' title='bbox 1014 843 1040 897; x_wconf 84' lang='grc'>1.</span> 
     </span>
    </p>

    <p class='ocr_par' dir='ltr' id='par_1_3' title="bbox 157 915 1123 1724">
     <span class='ocr_line' id='line_1_6' title="bbox 194 915 1123 1012; baseline 0.002 -16"><span class='ocrx_word' id='word_1_37' title='bbox 194 915 270 996; x_wconf 61' lang='lat'><strong>³³45.</strong></span> <span class='ocrx_word' id='word_1_38' title='bbox 293 939 379 1012; x_wconf 64' lang='lat' dir='ltr'>desp.</span> <span class='ocrx_word' id='word_1_39' title='bbox 404 937 442 995; x_wconf 85' lang='lat'>1⁰.</span> <span class='ocrx_word' id='word_1_40' title='bbox 466 937 558 1012; x_wconf 86' lang='lat' dir='ltr'>Nego.</span> <span class='ocrx_word' id='word_1_41' title='bbox 577 939 639 996; x_wconf 91' lang='lat' dir='ltr'>Ista</span> <span class='ocrx_word' id='word_1_42' title='bbox 656 937 730 996; x_wconf 90' lang='lat' dir='ltr'>ratio</span> <span class='ocrx_word' id='word_1_43' title='bbox 744 937 936 996; x_wconf 83' lang='lat' dir='ltr'>damnationis</span> <span class='ocrx_word' id='word_1_44' title='bbox 958 939 1072 998; x_wconf 88' lang='lat' dir='ltr'>nullibi</span> <span class='ocrx_word' id='word_1_45' title='bbox 1088 941 1123 998; x_wconf 92' lang='lat' dir='ltr'>in</span> 
     </span>
     <span class='ocr_line' id='line_1_7' title="bbox 158 1037 1123 1118; baseline 0.003 -22"><span class='ocrx_word' id='word_1_46' title='bbox 158 1039 247 1097; x_wconf 90' lang='lat' dir='ltr'>Bulla</span> <span class='ocrx_word' id='word_1_47' title='bbox 261 1037 410 1097; x_wconf 89' lang='lat' dir='ltr'>Pontificis</span> <span class='ocrx_word' id='word_1_48' title='bbox 423 1037 596 1108; x_wconf 90' lang='lat' dir='ltr'>insinuatur,</span> <span class='ocrx_word' id='word_1_49' title='bbox 613 1039 721 1098; x_wconf 89' lang='lat' dir='ltr'>nedum</span> <span class='ocrx_word' id='word_1_50' title='bbox 736 1043 921 1098; x_wconf 86' lang='lat' dir='ltr'>memoratur.</span> <span class='ocrx_word' id='word_1_51' title='bbox 965 1040 1037 1115; x_wconf 88' lang='lat' dir='ltr'>Ipsa</span> <span class='ocrx_word' id='word_1_52' title='bbox 1053 1041 1123 1118; x_wconf 86' lang='lat' dir='ltr'>ejus</span> 
     </span>
     <span class='ocr_line' id='line_1_8' title="bbox 158 1138 1120 1216; baseline 0.003 -18"><span class='ocrx_word' id='word_1_53' title='bbox 158 1141 245 1198; x_wconf 87' lang='lat' dir='ltr'>verba</span> <span class='ocrx_word' id='word_1_54' title='bbox 258 1138 436 1198; x_wconf 86' lang='lat' dir='ltr'>contrarium</span> <span class='ocrx_word' id='word_1_55' title='bbox 450 1139 519 1198; x_wconf 86' lang='lat' dir='ltr'>satis</span> <span class='ocrx_word' id='word_1_56' title='bbox 531 1139 606 1198; x_wconf 88' lang='lat' dir='ltr'>clare</span> <span class='ocrx_word' id='word_1_57' title='bbox 624 1146 726 1198; x_wconf 89' lang='lat' dir='ltr'>sonant</span> <span class='ocrx_word' id='word_1_58' title='bbox 737 1147 808 1200; x_wconf 86' lang='lat'>:-“</span> <span class='ocrx_word' id='word_1_59' title='bbox 818 1142 897 1209; x_wconf 79' lang='lat' dir='ltr'>Quas</span> <span class='ocrx_word' id='word_1_60' title='bbox 916 1140 1036 1216; x_wconf 90' lang='lat' dir='ltr'>quidem</span> <span class='ocrx_word' id='word_1_61' title='bbox 1052 1161 1120 1201; x_wconf 89' lang='lat' dir='ltr'>sen·</span> 
     </span>
     <span class='ocr_line' id='line_1_9' title="bbox 159 1241 1122 1318; baseline 0.001 -18"><span class='ocrx_word' id='word_1_62' title='bbox 159 1242 272 1313; x_wconf 86' lang='lat' dir='ltr'>tentlas,</span> <span class='ocrx_word' id='word_1_63' title='bbox 298 1285 304 1299; x_wconf 92' lang='lat'><em>.</em></span> <span class='ocrx_word' id='word_1_64' title='bbox 332 1289 338 1301; x_wconf 94' lang='lat'>.</span> <span class='ocrx_word' id='word_1_65' title='bbox 365 1285 372 1300; x_wconf 91' lang='lat'><strong><em>.</em></strong></span> <span class='ocrx_word' id='word_1_66' title='bbox 400 1261 568 1317; x_wconf 84' lang='lat' dir='ltr'>quanquam</span> <span class='ocrx_word' id='word_1_67' title='bbox 588 1243 735 1300; x_wconf 89' lang='lat' dir='ltr'>nonnullae</span> <span class='ocrx_word' id='word_1_68' title='bbox 756 1241 853 1318; x_wconf 88' lang='lat' dir='ltr'>aliquo</span> <span class='ocrx_word' id='word_1_69' title='bbox 871 1249 954 1317; x_wconf 87' lang='lat' dir='ltr'>pacto</span> <span class='ocrx_word' id='word_1_70' title='bbox 976 1243 1122 1301; x_wconf 84' lang='lat' dir='ltr'>sustineri</span> 
     </span>
     <span class='ocr_line' id='line_1_10' title="bbox 157 1342 1120 1418; baseline 0.002 -18"><span class='ocrx_word' id='word_1_71' title='bbox 157 1346 281 1418; x_wconf 86' lang='lat' dir='ltr'>possent,</span> <span class='ocrx_word' id='word_1_72' title='bbox 297 1342 327 1400; x_wconf 90' lang='lat' dir='ltr'>in</span> <span class='ocrx_word' id='word_1_73' title='bbox 342 1343 444 1418; x_wconf 87' lang='lat' dir='ltr'>rigore,</span> <span class='ocrx_word' id='word_1_74' title='bbox 461 1348 490 1400; x_wconf 89' lang='lat' dir='ltr'>et</span> <span class='ocrx_word' id='word_1_75' title='bbox 510 1343 625 1418; x_wconf 90' lang='lat' dir='ltr'>proprio</span> <span class='ocrx_word' id='word_1_76' title='bbox 643 1347 796 1403; x_wconf 80' lang='lat' dir='ltr'>verborum</span> <span class='ocrx_word' id='word_1_77' title='bbox 814 1364 899 1402; x_wconf 90' lang='lat' dir='ltr'>sensu</span> <span class='ocrx_word' id='word_1_78' title='bbox 913 1345 949 1402; x_wconf 90' lang='lat' dir='ltr'>ab</span> <span class='ocrx_word' id='word_1_79' title='bbox 966 1346 1120 1404; x_wconf 85' lang='lat' dir='ltr'>assertori-</span> 
     </span>
     <span class='ocr_line' id='line_1_11' title="bbox 157 1443 1117 1522; baseline 0 -20"><span class='ocrx_word' id='word_1_80' title='bbox 157 1445 211 1502; x_wconf 88' lang='lat' dir='ltr'>bus</span> <span class='ocrx_word' id='word_1_81' title='bbox 239 1443 360 1515; x_wconf 88' lang='lat' dir='ltr'>intent0‚</span> <span class='ocrx_word' id='word_1_82' title='bbox 384 1443 546 1522; x_wconf 71' lang='lat' dir='ltr'>lraeretioas,</span> <span class='ocrx_word' id='word_1_83' title='bbox 584 1464 723 1516; x_wconf 87' lang='lat' dir='ltr'>erroneas,</span> <span class='ocrx_word' id='word_1_84' title='bbox 754 1451 909 1520; x_wconf 85' lang='lat' dir='ltr'>suspectas,</span> <span class='ocrx_word' id='word_1_85' title='bbox 934 1447 1117 1518; x_wconf 84' lang='lat' dir='ltr'>temerarias,</span> 
     </span>
     <span class='ocr_line' id='line_1_12' title="bbox 158 1545 1118 1621; baseline 0.002 -17"><span class='ocrx_word' id='word_1_86' title='bbox 158 1546 335 1612; x_wconf 82' lang='lat' dir='ltr'>scandalosas</span> <span class='ocrx_word' id='word_1_87' title='bbox 357 1549 386 1604; x_wconf 91' lang='lat' dir='ltr'>et</span> <span class='ocrx_word' id='word_1_88' title='bbox 408 1547 439 1604; x_wconf 89' lang='lat' dir='ltr'>in</span> <span class='ocrx_word' id='word_1_89' title='bbox 455 1545 518 1621; x_wconf 90' lang='lat' dir='ltr'>pias</span> <span class='ocrx_word' id='word_1_90' title='bbox 541 1565 623 1604; x_wconf 88' lang='lat' dir='ltr'>aures</span> <span class='ocrx_word' id='word_1_91' title='bbox 645 1547 827 1604; x_wconf 86' lang='lat' dir='ltr'>offensionem</span> <span class='ocrx_word' id='word_1_92' title='bbox 853 1546 1055 1618; x_wconf 85' lang='lat' dir='ltr'>immittentes,</span> <span class='ocrx_word' id='word_1_93' title='bbox 1074 1569 1118 1606; x_wconf 88' lang='lat' dir='ltr'>re·</span> 
     </span>
     <span class='ocr_line' id='line_1_13' title="bbox 158 1647 675 1724; baseline 0 -17"><span class='ocrx_word' id='word_1_94' title='bbox 158 1649 284 1724; x_wconf 81' lang='lat' dir='ltr'>spective</span> <span class='ocrx_word' id='word_1_95' title='bbox 306 1693 312 1706; x_wconf 92' lang='lat'><em>.</em></span> <span class='ocrx_word' id='word_1_96' title='bbox 338 1694 345 1708; x_wconf 91' lang='lat'><strong>.</strong></span> <span class='ocrx_word' id='word_1_97' title='bbox 370 1691 377 1706; x_wconf 91' lang='lat'><strong><em>.</em></strong></span> <span class='ocrx_word' id='word_1_98' title='bbox 407 1647 610 1720; x_wconf 85' lang='lat' dir='ltr'>damnamus,&#39;’</span> <span class='ocrx_word' id='word_1_99' title='bbox 626 1650 675 1708; x_wconf 74' lang='lat' dir='ltr'>doe.</span> 
     </span>
    </p>

    <p class='ocr_par' dir='ltr' id='par_1_4' title="bbox 157 1748 1118 1927">
     <span class='ocr_line' id='line_1_14' title="bbox 197 1748 1118 1824; baseline 0.002 -18"><span class='ocrx_word' id='word_1_100' title='bbox 197 1750 269 1806; x_wconf 61' lang='lat' dir='ltr'>tlt.</span> <span class='ocrx_word' id='word_1_101' title='bbox 293 1749 335 1807; x_wconf 80' lang='lat'>20.</span> <span class='ocrx_word' id='word_1_102' title='bbox 358 1748 530 1824; x_wconf 86' lang='lat' dir='ltr'>Distinguo:</span> <span class='ocrx_word' id='word_1_103' title='bbox 560 1751 603 1808; x_wconf 93' lang='lat' dir='ltr'>Ob</span> <span class='ocrx_word' id='word_1_104' title='bbox 618 1749 724 1808; x_wconf 87' lang='lat' dir='ltr'>dietam</span> <span class='ocrx_word' id='word_1_105' title='bbox 739 1769 856 1808; x_wconf 87' lang='lat' dir='ltr'>oausam</span> <span class='ocrx_word' id='word_1_106' title='bbox 876 1749 1022 1808; x_wconf 86' lang='lat' dir='ltr'>damnatae</span> <span class='ocrx_word' id='word_1_107' title='bbox 1045 1757 1118 1809; x_wconf 89' lang='lat' dir='ltr'>sunt</span> 
     </span>
     <span class='ocr_line' id='line_1_15' title="bbox 157 1848 779 1927; baseline 0.003 -21"><span class='ocrx_word' id='word_1_108' title='bbox 157 1848 280 1924; x_wconf 84' lang='lat' dir='ltr'>aliquae:</span> <span class='ocrx_word' id='word_1_109' title='bbox 303 1849 392 1909; x_wconf 84' lang='lat' dir='ltr'>Esto:</span> <span class='ocrx_word' id='word_1_110' title='bbox 418 1850 463 1908; x_wconf 92' lang='lat' dir='ltr'>Ob</span> <span class='ocrx_word' id='word_1_111' title='bbox 478 1868 541 1907; x_wconf 91' lang='lat' dir='ltr'>eam</span> <span class='ocrx_word' id='word_1_112' title='bbox 556 1850 662 1908; x_wconf 86' lang='lat' dir='ltr'>solam:</span> <span class='ocrx_word' id='word_1_113' title='bbox 688 1851 779 1927; x_wconf 87' lang='lat' dir='ltr'>Nego.</span> 
     </span>
    </p>

    <p class='ocr_par' dir='ltr' id='par_1_5' title="bbox 157 1949 1119 2228">
     <span class='ocr_line' id='line_1_16' title="bbox 170 1949 1119 2030; baseline 0.005 -23"><span class='ocrx_word' id='word_1_114' title='bbox 170 2020 171 2023; x_wconf 7' lang='grc' dir='ltr'><strong>Ἴ</strong></span> <span class='ocrx_word' id='word_1_115' title='bbox 196 1950 269 2010; x_wconf 68' lang='lat'>³⁵47.</span> <span class='ocrx_word' id='word_1_116' title='bbox 293 1951 334 2009; x_wconf 89' lang='lat'>3⁰.</span> <span class='ocrx_word' id='word_1_117' title='bbox 358 1951 445 2009; x_wconf 88' lang='lat' dir='ltr'>Esto:</span> <span class='ocrx_word' id='word_1_118' title='bbox 472 1951 539 2009; x_wconf 87' lang='lat' dir='ltr'>Sola</span> <span class='ocrx_word' id='word_1_119' title='bbox 558 1971 596 2028; x_wconf 84' lang='lat' dir='ltr'>ex</span> <span class='ocrx_word' id='word_1_120' title='bbox 614 1951 710 2010; x_wconf 86' lang='lat' dir='ltr'>allatis</span> <span class='ocrx_word' id='word_1_121' title='bbox 731 1949 975 2028; x_wconf 88' lang='lat' dir='ltr'>propositionibus</span> <span class='ocrx_word' id='word_1_122' title='bbox 993 1950 1026 2009; x_wconf 90' lang='lat' dir='ltr'>in</span> <span class='ocrx_word' id='word_1_123' title='bbox 1052 1973 1119 2030; x_wconf 87' lang='lat' dir='ltr'>qua</span> 
     </span>
     <span class='ocr_line' id='line_1_17' title="bbox 158 2036 1118 2130; baseline 0.002 -20"><span class='ocrx_word' id='word_1_124' title='bbox 158 2056 257 2110; x_wconf 86' lang='lat' dir='ltr'>auctor</span> <span class='ocrx_word' id='word_1_125' title='bbox 271 2036 376 2128; x_wconf 87' lang='lat' dir='ltr'>aliquis</span> <span class='ocrx_word' id='word_1_126' title='bbox 393 2050 545 2128; x_wconf 85' lang='lat' dir='ltr'>impetitur</span> <span class='ocrx_word' id='word_1_127' title='bbox 557 2055 602 2111; x_wconf 88' lang='lat' dir='ltr'>est</span> <span class='ocrx_word' id='word_1_128' title='bbox 624 2055 678 2114; x_wconf 80' lang='lat'>79:</span> <span class='ocrx_word' id='word_1_129' title='bbox 703 2053 753 2112; x_wconf 90' lang='lat' dir='ltr'>sed</span> <span class='ocrx_word' id='word_1_130' title='bbox 767 2051 923 2130; x_wconf 89' lang='lat' dir='ltr'>propositio</span> <span class='ocrx_word' id='word_1_131' title='bbox 942 2051 1003 2111; x_wconf 88' lang='lat' dir='ltr'>haeo</span> <span class='ocrx_word' id='word_1_132' title='bbox 1019 2055 1118 2129; x_wconf 84' lang='lat' dir='ltr'>quoad</span> 
     </span>
     <span class='ocr_line' id='line_1_18' title="bbox 157 2151 606 2228; baseline 0.004 -19"><span class='ocrx_word' id='word_1_133' title='bbox 157 2171 218 2209; x_wconf 88' lang='lat' dir='ltr'>rem</span> <span class='ocrx_word' id='word_1_134' title='bbox 232 2151 367 2210; x_wconf 87' lang='lat' dir='ltr'>convenit</span> <span class='ocrx_word' id='word_1_135' title='bbox 381 2170 445 2209; x_wconf 89' lang='lat' dir='ltr'>oum</span> <span class='ocrx_word' id='word_1_136' title='bbox 460 2170 542 2228; x_wconf 89' lang='lat' dir='ltr'>prop.</span> <span class='ocrx_word' id='word_1_137' title='bbox 558 2155 606 2211; x_wconf 84' lang='lat'>21.</span> 
     </span>
    </p>

    <p class='ocr_par' dir='ltr' id='par_1_6' title="bbox 157 2252 1115 2732">
     <span class='ocr_line' id='line_1_19' title="bbox 197 2252 1115 2329; baseline 0.004 -19"><span class='ocrx_word' id='word_1_138' title='bbox 197 2253 272 2310; x_wconf 58' lang='grc' dir='ltr'>ΜΒ.</span> <span class='ocrx_word' id='word_1_139' title='bbox 296 2252 336 2311; x_wconf 83' lang='lat'>4⁰.</span> <span class='ocrx_word' id='word_1_140' title='bbox 363 2253 417 2310; x_wconf 81' lang='lat' dir='ltr'>Sed</span> <span class='ocrx_word' id='word_1_141' title='bbox 432 2253 517 2310; x_wconf 88' lang='lat' dir='ltr'>hodie</span> <span class='ocrx_word' id='word_1_142' title='bbox 531 2253 625 2312; x_wconf 89' lang='lat' dir='ltr'>omnis</span> <span class='ocrx_word' id='word_1_143' title='bbox 638 2253 718 2312; x_wconf 87' lang='lat' dir='ltr'>locus</span> <span class='ocrx_word' id='word_1_144' title='bbox 738 2252 892 2312; x_wconf 84' lang='lat' dir='ltr'>dubitandi</span> <span class='ocrx_word' id='word_1_145' title='bbox 911 2272 1030 2329; x_wconf 90' lang='lat' dir='ltr'>prorsus</span> <span class='ocrx_word' id='word_1_146' title='bbox 1044 2255 1115 2314; x_wconf 87' lang='lat' dir='ltr'>sub-</span> 
     </span>
     <span class='ocr_line' id='line_1_20' title="bbox 157 2353 1112 2430; baseline 0.004 -19"><span class='ocrx_word' id='word_1_147' title='bbox 157 2353 234 2411; x_wconf 82' lang='lat' dir='ltr'>latus</span> <span class='ocrx_word' id='word_1_148' title='bbox 244 2357 296 2421; x_wconf 88' lang='lat' dir='ltr'>est,</span> <span class='ocrx_word' id='word_1_149' title='bbox 307 2372 516 2427; x_wconf 82' lang='lat' dir='ltr'>percensuram</span> <span class='ocrx_word' id='word_1_150' title='bbox 527 2353 730 2430; x_wconf 85' lang='lat' dir='ltr'>propositionis</span> <span class='ocrx_word' id='word_1_151' title='bbox 740 2353 923 2413; x_wconf 87' lang='lat' dir='ltr'>Pistoriensis</span> <span class='ocrx_word' id='word_1_152' title='bbox 934 2355 1112 2430; x_wconf 83' lang='lat' dir='ltr'>supradatoe,</span> 
     </span>
     <span class='ocr_line' id='line_1_21' title="bbox 157 2454 1115 2514; baseline 0.002 -2"><span class='ocrx_word' id='word_1_153' title='bbox 157 2474 187 2513; x_wconf 88' lang='lat' dir='ltr'>n.</span> <span class='ocrx_word' id='word_1_154' title='bbox 212 2460 259 2514; x_wconf 78' lang='lat'>35.</span> <span class='ocrx_word' id='word_1_155' title='bbox 313 2454 361 2512; x_wconf 86' lang='lat' dir='ltr'>lbi</span> <span class='ocrx_word' id='word_1_156' title='bbox 389 2455 467 2512; x_wconf 89' lang='lat' dir='ltr'>enim</span> <span class='ocrx_word' id='word_1_157' title='bbox 494 2454 656 2514; x_wconf 87' lang='lat' dir='ltr'>declaratur</span> <span class='ocrx_word' id='word_1_158' title='bbox 683 2456 758 2514; x_wconf 84' lang='lat' dir='ltr'>hano</span> <span class='ocrx_word' id='word_1_159' title='bbox 784 2455 945 2514; x_wconf 82' lang='lat' dir='ltr'>doctrinam</span> <span class='ocrx_word' id='word_1_160' title='bbox 973 2455 1008 2513; x_wconf 88' lang='lat' dir='ltr'>de</span> <span class='ocrx_word' id='word_1_161' title='bbox 1035 2461 1115 2514; x_wconf 91' lang='lat' dir='ltr'>statu</span> 
     </span>
     <span class='ocr_line' id='line_1_22' title="bbox 158 2552 1113 2626; baseline 0.003 -15"><span class='ocrx_word' id='word_1_162' title='bbox 158 2552 332 2612; x_wconf 75' lang='lat' dir='ltr'>innocentia</span> <span class='ocrx_word' id='word_1_163' title='bbox 352 2573 412 2612; x_wconf 88' lang='lat' dir='ltr'>esse</span> <span class='ocrx_word' id='word_1_164' title='bbox 425 2553 457 2611; x_wconf 90' lang='lat' dir='ltr'>in</span> <span class='ocrx_word' id='word_1_165' title='bbox 471 2554 541 2612; x_wconf 89' lang='lat' dir='ltr'>Baio</span> <span class='ocrx_word' id='word_1_166' title='bbox 556 2555 729 2626; x_wconf 86' lang='lat' dir='ltr'>damnatam,</span> <span class='ocrx_word' id='word_1_167' title='bbox 746 2559 775 2614; x_wconf 87' lang='lat' dir='ltr'>et</span> <span class='ocrx_word' id='word_1_168' title='bbox 788 2555 896 2614; x_wconf 88' lang='lat' dir='ltr'>ibidem</span> <span class='ocrx_word' id='word_1_169' title='bbox 909 2554 1016 2613; x_wconf 90' lang='lat' dir='ltr'>iterum</span> <span class='ocrx_word' id='word_1_170' title='bbox 1032 2557 1113 2614; x_wconf 86' lang='lat' dir='ltr'>dam-</span> 
     </span>
     <span class='ocr_line' id='line_1_23' title="bbox 158 2654 798 2732; baseline 0.005 -20"><span class='ocrx_word' id='word_1_171' title='bbox 158 2657 246 2713; x_wconf 89' lang='lat' dir='ltr'>natur</span> <span class='ocrx_word' id='word_1_172' title='bbox 259 2654 398 2731; x_wconf 89' lang='lat' dir='ltr'>appositis</span> <span class='ocrx_word' id='word_1_173' title='bbox 411 2655 539 2714; x_wconf 90' lang='lat' dir='ltr'>censuris</span> <span class='ocrx_word' id='word_1_174' title='bbox 553 2655 685 2732; x_wconf 89' lang='lat' dir='ltr'>propriis.</span> <span class='ocrx_word' id='word_1_175' title='bbox 796 2721 798 2726; x_wconf 56' lang='grc'>,</span> 
     </span>
    </p>

    <p class='ocr_par' dir='ltr' id='par_1_7' title="bbox 159 2755 1114 3134">
     <span class='ocr_line' id='line_1_24' title="bbox 197 2755 1114 2832; baseline 0.002 -19"><span class='ocrx_word' id='word_1_176' title='bbox 197 2756 270 2814; x_wconf 70' lang='lat'><strong>⁹⁶49.</strong></span> <span class='ocrx_word' id='word_1_177' title='bbox 291 2755 390 2832; x_wconf 81' lang='lat' dir='ltr'>Objcot.</span> <span class='ocrx_word' id='word_1_178' title='bbox 414 2761 440 2815; x_wconf 83' lang='lat'>2.</span> <span class='ocrx_word' id='word_1_179' title='bbox 454 2757 473 2814; x_wconf 89' lang='lat' dir='ltr'><strong>J</strong></span> <span class='ocrx_word' id='word_1_180' title='bbox 475 2776 525 2814; x_wconf 91' lang='lat' dir='ltr'>ure</span> <span class='ocrx_word' id='word_1_181' title='bbox 540 2757 692 2816; x_wconf 89' lang='lat' dir='ltr'>damnatus</span> <span class='ocrx_word' id='word_1_182' title='bbox 706 2760 750 2815; x_wconf 94' lang='lat' dir='ltr'>est</span> <span class='ocrx_word' id='word_1_183' title='bbox 764 2755 863 2828; x_wconf 88' lang='lat' dir='ltr'>Baius,</span> <span class='ocrx_word' id='word_1_184' title='bbox 881 2756 1025 2814; x_wconf 87' lang='lat' dir='ltr'>affirmans</span> <span class='ocrx_word' id='word_1_185' title='bbox 1040 2757 1114 2815; x_wconf 86' lang='lat' dir='ltr'>dona</span> 
     </span>
     <span class='ocr_line' id='line_1_25' title="bbox 159 2855 1111 2933; baseline 0 -17"><span class='ocrx_word' id='word_1_186' title='bbox 159 2858 251 2916; x_wconf 87' lang='lat' dir='ltr'>status</span> <span class='ocrx_word' id='word_1_187' title='bbox 269 2857 440 2916; x_wconf 74' lang='lat' dir='ltr'>innocentia</span> <span class='ocrx_word' id='word_1_188' title='bbox 454 2857 600 2916; x_wconf 88' lang='lat' dir='ltr'>naturalia</span> <span class='ocrx_word' id='word_1_189' title='bbox 613 2877 682 2930; x_wconf 87' lang='lat' dir='ltr'>esse,</span> <span class='ocrx_word' id='word_1_190' title='bbox 699 2861 728 2916; x_wconf 91' lang='lat' dir='ltr'>et</span> <span class='ocrx_word' id='word_1_191' title='bbox 741 2877 799 2916; x_wconf 88' lang='lat' dir='ltr'>non</span> <span class='ocrx_word' id='word_1_192' title='bbox 813 2856 914 2933; x_wconf 86' lang='lat' dir='ltr'>gratiae</span> <span class='ocrx_word' id='word_1_193' title='bbox 928 2855 1111 2917; x_wconf 88' lang='lat' dir='ltr'>beneficium.</span> 
     </span>
     <span class='ocr_line' id='line_1_26' title="bbox 160 2949 1113 3033; baseline 0 -17"><span class='ocrx_word' id='word_1_194' title='bbox 160 2957 263 3016; x_wconf 85' lang='lat' dir='ltr'>Altera</span> <span class='ocrx_word' id='word_1_195' title='bbox 287 2977 356 3016; x_wconf 86' lang='lat' dir='ltr'>vero</span> <span class='ocrx_word' id='word_1_196' title='bbox 380 2949 524 3016; x_wconf 86' lang='lat' dir='ltr'>sententia</span> <span class='ocrx_word' id='word_1_197' title='bbox 547 2959 582 3016; x_wconf 90' lang='lat' dir='ltr'>ab</span> <span class='ocrx_word' id='word_1_198' title='bbox 608 2959 664 3016; x_wconf 89' lang='lat' dir='ltr'>isto</span> <span class='ocrx_word' id='word_1_199' title='bbox 685 2977 778 3016; x_wconf 89' lang='lat' dir='ltr'>errore</span> <span class='ocrx_word' id='word_1_200' title='bbox 798 2957 947 3033; x_wconf 81' lang='lat' dir='ltr'>discrepat,</span> <span class='ocrx_word' id='word_1_201' title='bbox 970 2957 1113 3016; x_wconf 84' lang='lat' dir='ltr'>affirmans</span> 
     </span>
     <span class='ocr_line' id='line_1_27' title="bbox 160 3057 1111 3134; baseline -0.002 -16"><span class='ocrx_word' id='word_1_202' title='bbox 160 3077 194 3118; x_wconf 88' lang='lat' dir='ltr'>ea</span> <span class='ocrx_word' id='word_1_203' title='bbox 213 3077 273 3117; x_wconf 89' lang='lat' dir='ltr'>esse</span> <span class='ocrx_word' id='word_1_204' title='bbox 287 3057 519 3134; x_wconf 86' lang='lat' dir='ltr'>supernaturalia</span> <span class='ocrx_word' id='word_1_205' title='bbox 532 3063 562 3116; x_wconf 89' lang='lat' dir='ltr'>et</span> <span class='ocrx_word' id='word_1_206' title='bbox 576 3078 613 3118; x_wconf 88' lang='lat' dir='ltr'>ex</span> <span class='ocrx_word' id='word_1_207' title='bbox 633 3059 734 3134; x_wconf 71' lang='lat' dir='ltr'>gratita</span> <span class='ocrx_word' id='word_1_208' title='bbox 754 3057 900 3118; x_wconf 85' lang='lat' dir='ltr'>beneficio.</span> <span class='ocrx_word' id='word_1_209' title='bbox 940 3058 1025 3128; x_wconf 74' lang='lat' dir='ltr'>Idan,</span> <span class='ocrx_word' id='word_1_210' title='bbox 1041 3058 1111 3116; x_wconf 92' lang='lat' dir='ltr'>ibid.</span> 
     </span>
    </p>

    <p class='ocr_par' dir='ltr' id='par_1_8' title="bbox 150 3159 1114 3736">
     <span class='ocr_line' id='line_1_28' title="bbox 198 3159 1113 3237; baseline -0.001 -17"><span class='ocrx_word' id='word_1_211' title='bbox 198 3161 272 3220; x_wconf 69' lang='lat'>*50.</span> <span class='ocrx_word' id='word_1_212' title='bbox 289 3160 375 3234; x_wconf 79' lang='lat' dir='ltr'>Besp.</span> <span class='ocrx_word' id='word_1_213' title='bbox 396 3159 569 3234; x_wconf 86' lang='lat' dir='ltr'>Distinguo:</span> <span class='ocrx_word' id='word_1_214' title='bbox 593 3159 698 3220; x_wconf 86' lang='lat' dir='ltr'>Verbis</span> <span class='ocrx_word' id='word_1_215' title='bbox 712 3160 874 3237; x_wconf 83' lang='lat' dir='ltr'>discrepat:</span> <span class='ocrx_word' id='word_1_216' title='bbox 898 3159 1048 3219; x_wconf 79' lang='lat' dir='ltr'>Concedo:</span> <span class='ocrx_word' id='word_1_217' title='bbox 1071 3161 1113 3219; x_wconf 89' lang='lat' dir='ltr'>Re</span> 
     </span>
     <span class='ocr_line' id='line_1_29' title="bbox 161 3259 1113 3338; baseline 0.002 -20"><span class='ocrx_word' id='word_1_218' title='bbox 161 3260 320 3336; x_wconf 84' lang='lat' dir='ltr'>discrepat:</span> <span class='ocrx_word' id='word_1_219' title='bbox 345 3261 438 3336; x_wconf 87' lang='lat' dir='ltr'>Nego.</span> <span class='ocrx_word' id='word_1_220' title='bbox 479 3261 609 3338; x_wconf 87' lang='lat' dir='ltr'>Utraque</span> <span class='ocrx_word' id='word_1_221' title='bbox 628 3263 771 3320; x_wconf 89' lang='lat' dir='ltr'>sententia</span> <span class='ocrx_word' id='word_1_222' title='bbox 788 3265 875 3337; x_wconf 86' lang='lat' dir='ltr'>negat</span> <span class='ocrx_word' id='word_1_223' title='bbox 892 3259 1113 3338; x_wconf 87' lang='lat' dir='ltr'>possibilitatem</span> 
     </span>
     <span class='ocr_line' id='line_1_30' title="bbox 150 3359 1114 3438; baseline -0.002 -18"><span class='ocrx_word' id='word_1_224' title='bbox 150 3366 271 3437; x_wconf 62' lang='lat' dir='ltr'>‚naturae</span> <span class='ocrx_word' id='word_1_225' title='bbox 285 3379 375 3438; x_wconf 86' lang='lat' dir='ltr'>purae.</span> <span class='ocrx_word' id='word_1_226' title='bbox 427 3361 512 3426; x_wconf 79' lang='lat' dir='ltr'>Quod</span> <span class='ocrx_word' id='word_1_227' title='bbox 525 3361 622 3434; x_wconf 88' lang='lat' dir='ltr'>Baius,</span> <span class='ocrx_word' id='word_1_228' title='bbox 640 3361 695 3420; x_wconf 88' lang='lat' dir='ltr'>sibi</span> <span class='ocrx_word' id='word_1_229' title='bbox 714 3362 868 3433; x_wconf 85' lang='lat' dir='ltr'>cohaerens,</span> <span class='ocrx_word' id='word_1_230' title='bbox 885 3364 968 3418; x_wconf 81' lang='lat' dir='ltr'>vocat</span> <span class='ocrx_word' id='word_1_231' title='bbox 982 3359 1114 3418; x_wconf 83' lang='lat' dir='ltr'>debitum</span> 
     </span>
     <span class='ocr_line' id='line_1_31' title="bbox 161 3460 1113 3534; baseline -0.003 -14"><span class='ocrx_word' id='word_1_232' title='bbox 161 3465 191 3520; x_wconf 89' lang='lat' dir='ltr'>et</span> <span class='ocrx_word' id='word_1_233' title='bbox 204 3461 344 3532; x_wconf 88' lang='lat' dir='ltr'>naturale,</span> <span class='ocrx_word' id='word_1_234' title='bbox 364 3461 453 3519; x_wconf 83' lang='lat' dir='ltr'>altera</span> <span class='ocrx_word' id='word_1_235' title='bbox 467 3461 610 3520; x_wconf 87' lang='lat' dir='ltr'>sententia</span> <span class='ocrx_word' id='word_1_236' title='bbox 623 3466 707 3520; x_wconf 86' lang='lat' dir='ltr'>vocat</span> <span class='ocrx_word' id='word_1_237' title='bbox 721 3460 883 3518; x_wconf 87' lang='lat' dir='ltr'>indebitum</span> <span class='ocrx_word' id='word_1_238' title='bbox 897 3464 926 3518; x_wconf 88' lang='lat' dir='ltr'>et</span> <span class='ocrx_word' id='word_1_239' title='bbox 940 3463 1113 3534; x_wconf 85' lang='lat' dir='ltr'>supernatu-</span> 
     </span>
     <span class='ocr_line' id='line_1_32' title="bbox 160 3556 1113 3636; baseline -0.003 -17"><span class='ocrx_word' id='word_1_240' title='bbox 160 3560 239 3619; x_wconf 81' lang='lat' dir='ltr'>rale:</span> <span class='ocrx_word' id='word_1_241' title='bbox 256 3564 333 3618; x_wconf 80' lang='lat' dir='ltr'>coeat</span> <span class='ocrx_word' id='word_1_242' title='bbox 346 3559 460 3635; x_wconf 87' lang='lat' dir='ltr'>quidam</span> <span class='ocrx_word' id='word_1_243' title='bbox 465 3603 472 3632; x_wconf 90' lang='lat'>,</span> <span class='ocrx_word' id='word_1_244' title='bbox 489 3561 539 3620; x_wconf 87' lang='lat' dir='ltr'>sed</span> <span class='ocrx_word' id='word_1_245' title='bbox 552 3560 638 3636; x_wconf 85' lang='lat' dir='ltr'>longe</span> <span class='ocrx_word' id='word_1_246' title='bbox 652 3558 733 3618; x_wconf 90' lang='lat' dir='ltr'>aliud</span> <span class='ocrx_word' id='word_1_247' title='bbox 739 3558 828 3634; x_wconf 73' lang='lat' dir='ltr'>facit..</span> <span class='ocrx_word' id='word_1_248' title='bbox 867 3558 950 3622; x_wconf 78' lang='lat' dir='ltr'>Quod</span> <span class='ocrx_word' id='word_1_249' title='bbox 965 3576 1003 3616; x_wconf 86' lang='lat' dir='ltr'>ex</span> <span class='ocrx_word' id='word_1_250' title='bbox 1017 3556 1113 3616; x_wconf 88' lang='lat' dir='ltr'>dicen-</span> 
     </span>
     <span class='ocr_line' id='line_1_33' title="bbox 160 3657 593 3736; baseline 0 -18"><span class='ocrx_word' id='word_1_251' title='bbox 160 3657 292 3718; x_wconf 85' lang='lat' dir='ltr'>disinfra</span> <span class='ocrx_word' id='word_1_252' title='bbox 305 3659 396 3734; x_wconf 83' lang='lat' dir='ltr'>magis</span> <span class='ocrx_word' id='word_1_253' title='bbox 409 3659 530 3736; x_wconf 87' lang='lat' dir='ltr'>patebit.</span> <span class='ocrx_word' id='word_1_254' title='bbox 589 3657 593 3663; x_wconf 84' lang='grc'><strong>’</strong></span> 
     </span>
    </p>
   </div>
   <div class='ocr_carea' id='block_1_3' title="bbox 0 0 1210 4314">
    <p class='ocr_par' dir='ltr' id='par_1_9' title="bbox 0 0 1210 4314">
     <span class='ocr_line' id='line_1_34' title="bbox 0 0 1210 4314; baseline 0 0"><span class='ocrx_word' id='word_1_255' title='bbox 0 0 1210 4314; x_wconf 95' lang='lat' dir='ltr'> </span> 
     </span>
    </p>
   </div>
  </div>
 </body>
</html>
