2402 4292
180 425 243 495 332
381 407 385 412 “
479 413 483 424 “
557 404 614 474 Da
630 404 763 475 Gralza.
846 492 849 496 ¹
983 403 1144 494 [manu.

221 575 268 636 ta.
292 571 392 651 Objaot.
407 577 435 647 3,
457 573 525 634 Non
545 595 615 636 vare
636 575 774 636 delentur
795 577 929 654 peccata,
946 573 973 634 si
988 575 1096 634 nullus
1114 573 1147 634 sit

180 691 247 733 vara
264 671 365 751 justus
387 676 418 733 et
440 693 535 752 purus
556 694 654 735 coram
675 675 748 736 Deo.
789 677 841 736 Ita
864 680 929 736 ast:
957 681 977 710 “
990 675 1075 737 Vera
1095 675 1146 734 scio

181 814 189 830 .
210 815 218 832 .
241 816 249 832 .
271 813 281 833 .
300 773 378 851 quod
390 792 449 832 non
459 774 639 850 Justificatur
652 775 738 834 homo
752 775 937 852 compositus
953 773 1073 855 [Hebr.
1088 795 1147 834 cum

180 892 229 932 sau
245 870 356 953 coram]
367 874 458 934 Dac.’'
479 875 545 948 Job,
555 875 600 934 ix.
615 880 650 948 23
675 876 771 936 “Non
781 875 1008 953 justificabitur
1032 876 1066 934 in
1088 895 1147 934 con·

181 978 282 1048 spectu
302 977 354 1033 tuo
376 973 469 1034 omnis
489 974 623 1036 rirens.''
644 975 752 1034 Psalm.
775 975 860 1035 cxlii.
888 980 916 1035 2.
972 975 1060 1035 Itcm
1086 977 1146 1036 Job.

182 1072 224 1131 ix.
242 1077 288 1143 19,
305 1077 351 1145 20,
368 1077 415 1146 30,
431 1074 488 1145 31;
510 1074 635 1134 Isairi.
658 1074 783 1148 5;lxiv.
801 1080 840 1148 63
856 1078 907 1135 &a
946 1076 983 1136 G.
1002 1076 1036 1136 S.
1053 1077 1150 1134 Parra

183 1173 218 1250 (“
227 1173 290 1232 'lha
303 1173 456 1234 Primitirs
468 1174 607 1234 Doctrina
630 1175 663 1234 ol
678 1175 698 1235 J
699 1174 881 1235 notification
895 1175 1111 1252 Investigatcd
1120 1173 1146 1234 :²¹

181 1294 208 1334 c.
223 1277 252 1349 ὅ,
268 1271 284 1354 5
300 1275 343 1355 ³),
357 1275 418 1354 qui,
435 1295 514 1336 more
526 1280 572 1336 tot
584 1276 735 1336 doctorum
748 1277 1041 1336 Protestanticornm
1054 1295 1146 1337 recen·

182 1376 300 1450 tiorum,
315 1381 416 1436 textus
429 1377 522 1437 nudos
534 1377 672 1455 projicit:
694 1377 746 1437 vio
756 1375 842 1450 infra,
856 1377 884 1436 d.
903 1381 954 1450 10,
970 1397 1005 1438 n.
1025 1383 1074 1438 12.

224 1477 271 1537 79.
290 1475 377 1553 Basp.
398 1477 466 1537 Non
483 1477 662 1554 justificatur
680 1476 776 1549 homo,
800 1476 889 1536 “nisi
910 1477 1002 1538 Dans
1023 1477 1146 1555 gratuita

182 1575 365 1638 miseratione
378 1577 473 1654 culpis
483 1577 634 1637 hominum
642 1577 782 1662 ignoscat,
793 1597 841 1637 aas
848 1577 1057 1640 remittendo:
1080 1579 1143 1638 (lor-

183 1678 269 1738 cedo:
294 1678 325 1738 Si
346 1677 509 1738 remiserit:
531 1679 621 1753 Nego.
662 1679 701 1736 In
721 1677 768 1736 his
786 1697 872 1755 porro
898 1679 1036 1758 aliisque
1050 1678 1143 1738 simili·

183 1778 238 1838 bus
250 1778 381 1846 textibus
389 1779 444 1838 hoc
457 1778 551 1838 solum
565 1779 719 1856 Scriptura
732 1778 888 1854 significat,
903 1779 1062 1840 neminem
1071 1798 1144 1858 posse

184 1879 220 1939 da
233 1879 349 1956 propria
358 1878 476 1956 justitia
488 1877 615 1955 gloriari,
632 1879 679 1958 (l)
694 1877 757 1938 sive
769 1877 841 1955 quia
854 1877 1003 1953 homines,
1021 1881 1049 1939 si
1063 1897 1143 1958 quan

184 1979 293 2038 habent
305 1977 473 2038 interiorem
488 1977 636 2056 justitiam
649 1982 680 2038 et
692 1978 886 2052 sanctitatem,
903 1999 922 2038 a
934 1979 1003 2040 Deo
1018 1980 1142 2049 habent;

185 2081 232 2158 (2)
253 2080 314 2141 siva
327 2079 397 2158 quia
416 2079 587 2160 plerumque
597 2079 629 2138 in
641 2078 713 2157 ipsis
725 2077 847 2156 pietatis
866 2079 1009 2158 operibus
1028 2100 1063 2141 ac
1075 2085 1142 2140 recte

184 2180 270 2241 lactis
296 2181 409 2260 aliquid
436 2181 613 2242 admisceant
637 2179 885 2260 imperfectionis3
918 2182 969 2261 (3)
993 2181 1061 2243 aiva
1082 2180 1142 2260 qnia

184 2282 310 2361 pcccatis
330 2283 433 2343 saltam
453 2282 611 2343 levibus'se
624 2282 851 2354 commaculant;
875 2281 932 2362 (4).
945 2283 1013 2344 sire
1034 2285 1141 2345 demun
1198 2269 1199 2340 l

184 2401 236 2461 per
248 2382 488 2460 comparationem
502 2377 695 2460 adjustitiam
703 2382 758 2442 Dei
768 2382 1047 2444 incommutabilem
1062 2390 1141 2462 atqua
1198 2365 1199 2370 ἵ

184 2480 374 2552 essentialem,
389 2478 421 2538 in
429 2481 476 2556 cuj
481 2499 515 2539 us
528 2484 684 2558 conspectu
694 2478 806 2558 quaevis
816 2478 939 2556 justitia
951 2486 1059 2540 nostra
1068 2479 1141 2558 peni-

184 2585 233 2641 tus
241 2579 394 2653 evanescit,
409 2583 445 2640 ut
456 2579 643 2642 luxlucern'ae
656 2580 694 2642 ad
703 2579 971 2641 solisadrentum.’'
994 2581 1140 2652 Praaorr,

185 2685 296 2742 ntea.

226 2785 273 2841 80.
301 2779 399 2858 Objaot.
421 2783 450 2840 4.
481 2778 667 2840 Vocabulum
692 2776 882 2858 “justifico''
906 2775 1069 2858 (ἔικὰιοω),
1093 2799 1143 2839 non

185 2879 280 2940 solum
303 2880 381 2955 apud
405 2883 518 2940 veteres
541 2881 665 2951 Graeca,
686 2879 738 2939 sed
761 2879 850 2938 etiam
870 2877 902 2936 in
925 2879 956 2938 ὃ.
984 2879 1142 2956 Scriptura,

185 2996 339 3055 nunqnam
367 2978 514 3055 significat
536 2979 652 3057 justum
676 2979 781 3051 facere,
811 2977 862 3038 sed
888 2980 1009 3038 tantum
1032 2980 1143 3058 justum

184 3076 378 3157 pronunciare
403 3097 456 3138 seu
481 3079 635 3140 declarare.
688 3079 767 3155 Ergo
801 3081 935 3156 peccator
962 3077 1144 3154 justificatas

184 3199 243 3240 non
256 3199 323 3240 rere
337 3183 367 3240 et
379 3177 536 3242 intrinsece
556 3180 746 3260 justificatur,
770 3179 821 3240 aad
840 3177 1007 3240 extrinsece
1028 3183 1143 3241 tantum

184 3285 215 3342 et
227 3279 311 3342 modo
324 3279 444 3341 lorensi.
633 3287 634 3291 ’

225 3387 271 3442 81.
300 3379 385 3458 Roap.
419 3381 458 3440 1⁰.
489 3377 647 3458 Distinguo
677 3377 851 3440 antecedens
885 3376 983 3456 quoad
1019 3375 1142 3455 primam
1198 3453 1199 3468 χ

183 3487 303 3560 partam,
327 3501 376 3541 seu
403 3481 499 3560 quoad
524 3499 610 3540 nsum
636 3479 772 3540 vocabuli
800 3477 877 3558 apud
904 3477 1024 3537 Graecos
1054 3476 1141 3555 (apud
1198 3479 1199 3482 ’

183 3581 303 3640 Latinos
325 3580 403 3640 anim
432 3583 563 3642 auctores
591 3579 725 3658 profanos
759 3598 820 3638 non
842 3577 995 3636 invenitur
1022 3579 1138 3638 verbnm

135 3663 137 3750 j
182 3679 371 3759 “justifica”
392 3681 443 3741 sed
465 3681 615 3760 “justus’'
636 3683 753 3740 tantum
777 3681 809 3738 et
831 3681 852 3713 “
859 3675 983 3756 justitia
997 3676 1057 3756 ’')=
1078 3675 1136 3754 εἷθ’

1196 3833 1199 3996 l
