2424 4300
167 457 226 528 ¹50
515 443 571 512 De
588 445 717 512 Gratia.
962 443 1064 531 [msa.
1079 463 1124 512 vr.

162 613 299 674 veritates
320 613 472 692 primarias
495 613 643 689 religionis
663 611 815 684 naturalis,
842 611 904 670 sive
927 613 1128 690 speculativas

162 719 203 794 (v.
213 737 241 793 g.
256 715 358 776 existit
372 717 460 786 Deus,
478 715 541 792 &o.)
555 714 764 792 sivepraotioas
779 714 821 790 (v.
833 734 860 789 g.
872 713 954 773 Deus
965 719 1012 774 est
1027 715 1126 774 colen·

162 819 225 890 dus,
243 819 319 894 lto).
362 817 418 876 Sed
429 837 475 888 an,
491 815 623 874 sineulla
637 815 777 892 ejusmodi
791 816 894 891 gratia,
910 817 1019 876 habeat
1034 817 1126 876 obdu·
1197 819 1198 828 ’

161 919 243 974 ratus
265 912 424 991 potentiam
447 912 584 972 moralem
605 911 671 970 illas
691 911 830 973 veritates
853 912 1050 988 cognoscendi
1070 931 1127 971 non

162 1015 285 1075 affirmat
297 1013 463 1092 propositio.

204 1117 232 1173 5.
261 1114 303 1171 2⁰.
335 1111 522 1188 significatur
544 1111 630 1171 honio
653 1111 752 1190 lapsus
773 1111 910 1171 infidelis.
964 1111 1026 1178 Qui
1049 1112 1128 1171 enim

159 1214 221 1291 jam
235 1214 322 1273 habet
331 1213 449 1271 illarum
463 1213 619 1271 veritatum
635 1211 794 1283 seientiam,
810 1211 872 1270 sive
886 1231 924 1270 ex
938 1210 1128 1271 institutione

161 1313 290 1373 naturali
303 1333 364 1384 seu,
387 1319 422 1372 ut
443 1312 485 1371 ita
506 1312 609 1384 dicam,
632 1311 841 1389 philosophica,
867 1310 929 1370 sivo
953 1331 993 1372 ex
1013 1311 1127 1371 lumine

161 1412 238 1486 fidei,
252 1411 338 1490 plane
351 1413 436 1471 extra
448 1430 545 1471 casum
559 1415 611 1470 est.

203 1519 231 1571 6.
254 1514 294 1572 3⁰.
317 1511 515 1587 significatur,
530 1509 667 1588 primario
687 1509 800 1583 saltem,
815 1508 1122 1588 infidelisnegativns.
1198 1541 1199 1550 κ

163 1612 297 1671 Infidelis
311 1613 387 1671 enim
401 1609 544 1688 positivus
568 1610 594 1668 is
617 1613 670 1683 est,
686 1609 734 1669 oui
744 1610 806 1688 jam
828 1609 1008 1671 sufficienter
1021 1631 1122 1688 propo·

163 1713 225 1773 sitae
239 1716 310 1772 sunt
322 1709 458 1771 veritates
471 1710 553 1781 istae;
576 1711 611 1769 de
625 1709 708 1788 eujus
722 1729 789 1787 ergo
798 1709 929 1787 potentia
940 1730 988 1770 eas
1003 1730 1122 1788 cognos-

162 1812 254 1884 cendi,
280 1811 374 1890 posita
396 1809 527 1888 potentia
549 1809 676 1868 infidelis
697 1809 837 1886 negativi,
860 1809 976 1868 nullum
1001 1809 1122 1869 dubium
1199 1887 1200 1902 χ

163 1933 223 1973 esse
237 1917 342 1989 potest.

203 2012 251 2074 *7.
274 2011 306 2070 Si
329 2012 406 2070 dieas
432 2030 490 2070 non
512 2010 790 2089 darijignorantiam
813 2009 1017 2070 invincibilem
1048 2011 1121 2071 veri·

165 2115 261 2170 tatum
281 2109 483 2188 primariorum
510 2107 659 2186 religionis
680 2109 831 2184 naturalis,
854 2131 882 2170 v.
901 2130 929 2186 g.
958 2109 1122 2170 existentiis
1200 2148 1201 2156 κ

165 2210 239 2282 Dei;
269 2213 299 2269 et
323 2229 399 2286 ergo,
426 2209 520 2287 quood
541 2209 612 2268 istas
633 2207 778 2282 veritates,
805 2228 863 2268 non
885 2209 949 2268 dari
973 2209 1121 2270 infidelem

163 2311 339 2386 negativum.
381 2311 464 2384 Reap.
483 2310 520 2368 1⁰.
540 2309 617 2384 Ergo
631 2309 733 2367 clarior
741 2314 772 2368 et
785 2309 945 2369 evidentior
957 2314 1002 2370 est
1015 2310 1120 2370 veritas

164 2413 268 2469 nostrae
282 2408 503 2487 propositionis:
527 2408 606 2466 omni
626 2407 704 2467 enim
718 2408 830 2466 infideli
844 2409 914 2468 adeo
928 2411 1067 2488 expedita
1080 2415 1121 2470 est

163 2509 268 2569 harum
290 2508 449 2569 veritatum
482 2507 680 2582 investigatio,
705 2513 739 2566 ut
766 2528 822 2581 eas,
849 2509 875 2567 si
897 2508 981 2580 velit,
1008 2514 1119 2569 natura

166 2608 279 2668 viribus
292 2627 461 2685 cognoscere
476 2610 587 2684 potest;
610 2610 640 2666 et
664 2606 720 2666 sibi
742 2607 796 2665 soli
819 2608 916 2684 culpas
938 2608 1014 2667 verti
1028 2609 1118 2681 debet,

165 2707 189 2768 si
203 2728 250 2768 eas
263 2727 322 2766 non
336 2715 494 2784 eognoscat
536 2706 578 2765 2⁰.
600 2706 765 2766 Secundum
778 2707 1002 2767 communiorem
1017 2711 1119 2785 etpro-

164 2807 332 2867 babiliorem
346 2805 527 2878 sententiam,
545 2803 600 2864 etsi
614 2804 677 2864 dari
689 2825 746 2864 uon
756 2805 1020 2882 potestalheismns
1033 2826 1117 2883 nega-

164 2905 245 2964 tivus
259 2905 415 2962 diuturnus
428 2904 475 2962 vel
488 2923 541 2980 per
554 2907 644 2963 totam
654 2904 756 2976 vitam,
766 2906 839 2964 bene
848 2909 946 2964 tamen
959 2907 997 2965 ad
1007 2912 1117 2984 tempus

164 3004 228 3063 dari
241 3006 353 3080 potest:
377 3002 455 3079 quod
469 3003 556 3062 stiam
577 3003 731 3064 dicendum
745 3006 781 3064 de
794 3005 966 3064 infidelitate
986 3006 1118 3083 negativa

1197 2355 1201 2396 t

165 3102 240 3162 oiroa
254 3104 361 3161 eeteros
369 3100 505 3160 veritates
517 3103 676 3178 primarias.
718 3105 762 3164 De
770 3105 817 3163 hio
828 3105 984 3164 videantur
992 3110 1117 3165 auctores
1200 3165 1201 3168 ,

165 3205 196 3262 in
210 3207 294 3263 tract.
309 3202 345 3261 de
359 3201 420 3260 Deo
434 3205 464 3260 et
477 3202 513 3261 de
526 3203 660 3278 Legibus.

205 3303 253 3362 ⁹⁶8.
275 3303 379 3361 Nostro
392 3301 446 3360 hoo
461 3301 557 3361 seculo
570 3303 717 3368 invectum
732 3307 776 3363 est
790 3307 915 3382 systema
929 3305 1007 3382 quod
1021 3305 1116 3366 Tradi-

165 3401 347 3462 tionalismus
368 3401 539 3492 appellatur.
583 3401 760 3462 “Doctrinae
783 3403 872 3481 hujus
895 3407 1050 3464 sectatores
1062 3425 1115 3463 non

165 3502 292 3561 multum
305 3501 383 3561 inter
396 3521 425 3560 se
439 3521 471 3560 ao
485 3499 540 3560 sibi
548 3499 619 3578 ipsis
627 3507 774 3574 constant;
797 3502 1031 3579 quandoquidem
1043 3522 1114 3563 nunc

167 3601 364 3660 evirationem
386 3599 581 3660 universalem
602 3600 696 3660 veluti
718 3620 885 3678 supremum
909 3601 1042 3662 veritatis
1061 3602 1111 3662 ori·

166 3699 282 3772 terium,
306 3720 384 3760 nuno
412 3701 447 3758 ad
471 3699 670 3759 auctoritatem
694 3700 855 3775 generalem
885 3701 975 3760 totius
1008 3702 1113 3779 generis
