2424 4300
139 383 306 470 nler.1v.]
357 386 411 450 De
429 383 549 450 Gratata
564 385 788 452 Medz'ce'nalz':
808 387 955 472 positive.
1035 411 1093 474 117

140 551 254 612 faciunt
264 553 281 610 ι’
304 552 374 630 quia
384 571 490 611 nomen
502 552 608 628 ‘legia'
621 553 751 614 absolute
760 556 790 613 et
798 554 949 616 collective
956 556 1092 633 positum,

103 654 112 672 ⁶
141 656 233 712 totam
248 653 346 729 legem
363 672 414 730 per
432 652 549 712 modum
569 653 658 712 unius
671 655 893 732 complectitur3
915 658 945 716 et
957 657 1022 718 ideo
1036 678 1095 718 non

141 753 251 814 dieitur
267 753 300 814 in
317 754 412 830 rigore
433 755 526 814 faetor
549 754 631 830 legis,
650 756 708 815 nisi
728 755 781 833 qui
805 761 897 816 totam
917 756 1040 836 implet:
1064 766 1094 820 at

141 873 211 916 vero
224 852 292 916 oum
306 856 373 934 quis
387 856 494 916 dieitur
508 857 600 916 faeere
614 876 648 916 ea
661 876 726 934 quae
736 866 805 917 sunt
818 857 900 935 legis,
912 859 1020 920 looutio
1033 880 1092 921 non

141 961 186 1020 eet
199 957 241 1018 ita
254 958 392 1030 absoluta,
407 978 460 1018 nee
473 959 556 1036 quasi
576 958 727 1018 collectiva
741 959 847 1018 dstote
860 959 932 1035 lege,
947 961 997 1020 sed
1009 961 1089 1022 inde·

140 1059 226 1120 finita
239 1060 275 1120 de
288 1059 439 1138 praeoeptis
452 1059 557 1136 legis.'’
594 1061 716 1133 Sninnz,
729 1080 758 1120 n.
775 1065 823 1118 30.
860 1065 879 1093 “
889 1065 930 1118 Τα
941 1085 990 1119 του
1002 1085 1092 1139 νομου

142 1183 281 1222 vorasse:
307 1163 362 1221 ‘do
376 1161 477 1237 things
497 1161 665 1238 pertaining
678 1167 707 1221 to
722 1163 772 1222 the
790 1162 868 1235 law,'
890 1183 915 1222 e.
927 1183 955 1239 g.
980 1165 1093 1224 abstain

141 1265 217 1324 from
230 1263 364 1340 stealing,
379 1283 413 1322 or
426 1262 542 1339 kilhng,
563 1283 595 1321 or
608 1264 741 1340 adultery
756 1283 763 1321 :
785 1264 840 1323 but
853 1263 878 1323 it
891 1265 930 1342 by
944 1284 981 1326 no
995 1285 1092 1326 means

142 1365 257 1426 follows
278 1365 342 1424 that
362 1365 413 1424 the
432 1363 554 1440 Apostle
575 1385 674 1424 means
694 1365 760 1424 that
781 1365 831 1424 the
853 1365 984 1427 Gentiles
1007 1367 1092 1427 could

134 1465 219 1545 fulfil
230 1467 280 1526 the
291 1467 357 1539 law,
374 1466 410 1525 do
425 1465 468 1525 tte
481 1465 590 1542 things,
606 1465 626 1523 i.
643 1486 667 1524 e.
684 1465 724 1524 att
736 1466 787 1526 the
798 1465 897 1542 things
908 1467 1042 1544 enjoined
1054 1469 1092 1545 by
1105 1543 1108 1549 Ι

142 1570 194 1628 the
206 1568 296 1628 law.''
337 1569 466 1627 Ausone.
491 1565 532 1627 2⁹.
555 1567 587 1627 Si
606 1568 730 1644 gentiles
747 1567 836 1628 fidem
849 1563 987 1628 habentes
1001 1569 1090 1646 signi·

141 1671 275 1743 ficentur,
292 1673 362 1729 tuno
387 1667 610 1730 “naturaliter'’
632 1668 711 1727 idem
733 1671 816 1727 sonat
837 1687 869 1728 ao
894 1674 914 1704 “
925 1668 987 1728 sine
1007 1669 1089 1745 lege”

142 1791 255 1849 nempe,
276 1771 391 1848 scripta.
417 1775 436 1804 “
449 1775 537 1827 Φυσις
550 1769 599 1830 hie
613 1771 769 1848 opponitur
785 1772 892 1848 νομῳ.”
916 1772 1091 1830 Rosunnun·

142 1893 208 1933 nnn.
226 1873 267 1934 3⁰.
290 1873 371 1933 Idem
385 1872 550 1943 dicendum,
566 1871 591 1930 si
604 1877 704 1949 gentes
717 1871 747 1930 in
763 1891 868 1948 genere
883 1871 1092 1949 significentur.

143 1977 189 2036 De
203 1995 289 2036 sensu
309 1978 407 2034 textus
421 1973 615 2051 probabiliori,
630 1977 736 2052 praeter
751 1973 840 2034 Suin.
854 1975 963 2034 consul.
978 1975 1091 2035 Esrius.

175 2083 232 2174 0³⁶·
257 2076 357 2153 Objeot.
374 2085 402 2136 2.
425 2076 528 2135 Plures
542 2079 642 2136 textus
662 2075 819 2152 Scripturae
838 2075 1025 2152 objiciuntur,
1041 2075 1093 2153 qui

143 2177 234 2258 (siout
246 2181 349 2238 textus
365 2177 474 2238 similes
488 2177 603 2254 objecti,
625 2177 653 2236 d.
670 2181 697 2249 3,
713 2196 743 2237 n.
759 2181 817 2243 92:
839 2176 899 2236 vid.
915 2176 985 2236 ibid.
1001 2195 1029 2237 n.
1044 2181 1090 2249 56,

145 2279 197 2358 91)
207 2297 305 2340 omnes
319 2279 416 2340 eadem
431 2277 574 2338 solutione
589 2276 758 2336 enodantur.
793 2277 904 2336 Tantus
918 2276 949 2335 in
960 2276 1094 2354 exempla

144 2379 204 2440 sint
218 2379 290 2440 Gen.
302 2379 341 2438 iv.
356 2381 373 2442 7
390 2381 461 2438 :-“
471 2377 531 2438 sub
545 2375 639 2437 deerit
652 2375 799 2453 appetitus
815 2375 877 2452 ejus
896 2373 1048 2456 [peceati]
1064 2381 1094 2436 et

143 2484 180 2542 tu
200 2477 392 2538 dominaberis
410 2476 529 2549 illius;”
550 2481 580 2535 et
593 2476 701 2536 Ebelio.
716 2494 766 2534 xv.
786 2475 822 2535 16
840 2480 910 2534 :—“
923 2476 954 2535 ei
967 2475 1094 2536 volueris

143 2580 280 2640 mandata
294 2597 414 2650 servare,
426 2577 637 2638 conservabunt
650 2573 709 2635 te.''
733 2576 816 2650 Reep.
839 2574 994 2651 Distinguo
1008 2594 1015 2634 ε
1031 2576 1093 2636 Sub

143 2679 473 2742 te-dominaberis—si
503 2675 637 2749 volueris,
673 2694 724 2752 per
762 2673 905 2750 gratiam:
941 2674 1089 2734 Concedo:

145 2781 252 2842 Seousz
268 2781 357 2858 Nego.
392 2779 505 2840 Textue
519 2796 586 2837 vero
600 2777 720 2835 Denter.
735 2791 808 2832 xxx.
827 2777 860 2832 11
878 2769 1095 2852 (“Mandatum

143 2881 208 2955 hoo,
221 2880 300 2959 quod
313 2899 365 2956 ego
379 2878 517 2956 praecipio
531 2877 586 2937 tibi
600 2875 695 2946 hodie,
714 2894 773 2933 non
787 2893 875 2952 snpra
888 2877 918 2934 te
932 2876 984 2948 est,
1001 2893 1096 2962 neque

143 2983 246 3062 prooul
260 2980 421 3060 positum'')
436 2983 552 3040 tantum
565 2977 712 3054 significat
725 2975 860 3035 notitiam
873 2975 947 3054 legis
960 2975 1046 3035 facile
1061 2977 1096 3035 ab

144 3082 280 3143 omnibus
302 3079 460 3158 comparari
481 3097 572 3156 posse.
614 3076 647 3136 Si
671 3075 737 3154 quis
761 3080 859 3136 autem
878 3075 952 3136 velit
974 3093 1042 3134 eum
1063 3075 1099 3134 de

145 3182 316 3244 executione
325 3181 535 3260 praeceptorum
545 3176 618 3254 legis
626 3175 819 3253 interpretari,
830 3177 992 3253 apponatur
1000 3175 1097 3252 eedem
1205 3249 1206 3272 χ

146 3283 319 3342 distinctio:
354 3281 421 3341 Non
448 3297 536 3356 supra
558 3281 587 3338 te
614 3281 666 3351 est,
689 3277 847 3355 adjuvante
875 3274 988 3352 gratia:
1025 3275 1098 3334 Oon·
1205 3283 1206 3304 l

148 3383 235 3443 cedo:
253 3385 301 3442 dno.

188 3483 235 3543 37.
262 3482 363 3560 Objeot.
394 3487 421 3542 3.
450 3479 546 3540 Fuere
574 3476 705 3536 homines
733 3476 794 3553 qui,
824 3475 886 3534 sine
921 3473 1026 3551 gratia,
1066 3475 1101 3534 ob
1176 3541 1183 3552 .

147 3604 274 3645 amorem
294 3583 409 3662 patriae,
424 3601 527 3642 verum
546 3583 597 3638 aut
610 3579 723 3650 fiotum,
745 3579 779 3636 ob
794 3595 899 3636 ranam
913 3576 1044 3652 gloriam,
1066 3576 1102 3634 ad

146 3687 264 3747 luorum
278 3685 452 3758 faciendum,
469 3687 517 3745 &a
537 3701 622 3758 opere
635 3680 720 3741 valde
734 3678 824 3739 ardua
837 3678 977 3748 feceruut,
998 3696 1103 3753 magna
