2408 4304
198 411 261 491 380
565 406 621 471 Da
638 404 773 472 Gratia.
1026 405 1118 492 [nur.
1130 426 1155 471 x.

195 596 272 649 vero,
288 575 313 634 si
327 575 356 636 S.
372 573 479 634 Paulus
497 573 652 632 tradiderit
671 574 842 632 doctrinam
868 573 1117 632 Protestanticam
1129 573 1155 630 de

196 675 253 734 fide
267 675 328 734 sola
338 673 527 752 justificante,
542 673 628 732 facila
651 673 779 749 ictalliqa'
797 675 904 749 potest
925 674 1076 750 quomodo
1088 693 1121 732 ex
1131 691 1156 730 eo

196 775 327 835 doctrina
340 773 483 851 ejusmodi
496 772 652 840 conclusio,
678 792 770 849 prava
794 773 866 831 licet
881 776 914 832 et
927 773 1068 846 nefanda,
1088 793 1156 848 coge

196 877 285 935 retur.
328 875 360 934 si
376 893 444 932 vero
467 872 628 932 doctrinam
642 871 799 931 tradiderit
813 872 1006 931 catholicam
1020 874 1060 932 do
1072 891 1156 932 nacae

197 975 282 1035 sitate
291 976 434 1035 bonorum
449 991 569 1052 operum
590 973 678 1030 simul
690 991 758 1032 oum
779 972 841 1032 fide
854 973 894 1030 ad
905 972 1154 1048 justificationem,

196 1075 323 1151 intelligi
336 1094 393 1134 non
407 1075 510 1152 potest,
527 1074 669 1150 quomodo
679 1074 745 1148 quis
759 1091 837 1130 sanae
848 1071 964 1132 mentis
975 1093 1017 1133 ex
1026 1074 1155 1151 ejusmodi

197 1175 328 1236 doctrina
341 1173 483 1252 ejusmodi
507 1172 719 1232 conclusionem
739 1172 848 1232 inferre
861 1173 971 1250 possit.
1016 1174 1155 1242 O'Bnm,

197 1295 226 1354 p.
243 1281 290 1346 oa,
307 1280 354 1334 94.

238 1379 285 1435 91.
317 1374 404 1432 Nota.
438 1373 484 1430 Ex
505 1371 614 1448 quibus
637 1371 733 1430 verbis
757 1371 787 1432 S.
813 1371 906 1430 Pauli
930 1373 1086 1433 conclusio
1107 1373 1154 1433 iso

197 1495 286 1552 prava
300 1473 419 1532 collecta
433 1471 499 1530 est?
539 1471 625 1531 Certe
645 1489 704 1529 non
729 1491 767 1530 ex
791 1472 846 1529 hae
870 1472 938 1548 ipsa
967 1475 1107 1552 Epistola
1125 1475 1153 1533 ad

198 1575 350 1644 Romanos,
373 1576 408 1631 ut
431 1571 551 1630 evidens
572 1573 674 1630 estex
695 1590 728 1629 eo
750 1572 828 1648 quod
848 1573 990 1650 loquitur
1003 1575 1153 1652 Apostolus

197 1693 255 1733 non
269 1673 371 1732 'solum
384 1673 420 1730 de
433 1671 616 1730 conclusione
635 1689 700 1748 quae
719 1673 794 1730 male
817 1671 925 1748 infarri
938 1675 1045 1749 possit,
1064 1675 1112 1733 sad
1124 1675 1152 1732 de

198 1775 378 1834 conclusione
388 1773 451 1850 jam
465 1775 529 1830 acta
543 1771 636 1831 illato.
678 1773 724 1830 Ex
740 1771 876 1830 omnibus
889 1773 1013 1850 scriptis
1027 1775 1060 1835 S.
1075 1775 1151 1834 Pauli

197 1877 252 1952 Ep.
268 1875 304 1933 ad
319 1874 435 1935 Galatas
449 1872 542 1931 solnm
556 1871 644 1930 estin
657 1891 714 1948 quo
729 1871 828 1948 aliqua
845 1873 957 1948 species
972 1874 1151 1933 fundamenti

197 1978 229 2036 in
238 1976 360 2052 gratiam
373 1973 454 2032 illius
467 1972 658 2032 conclusionis
680 1972 840 2032 invenitur.
884 1974 993 2034 Sinon
1008 1995 1048 2034 ex
1063 1977 1151 2052 aliqua

193 2077 270 2134 fama
284 2095 334 2134 seu
348 2093 461 2133 rumore
484 2073 519 2132 de
541 2072 727 2132 institutione
749 2074 813 2148 ejus
826 2073 897 2132 vivat
910 2093 984 2134 voce
1004 2076 1092 2149 facta,
1107 2077 1149 2134 sed

192 2196 231 2236 ex
250 2177 374 2254 quodam
396 2177 458 2253 ejus
490 2173 596 2250 scripto
619 2173 764 2235 conclusio
789 2174 904 2232 dicatur
925 2175 1023 2248 illata,
1051 2178 1148 2237 exinde

191 2278 347 2337 haberetur
357 2278 560 2350 argumentum
572 2273 715 2334 invictum
728 2293 780 2350 pro
790 2274 938 2334 sententia
951 2295 1022 2353 quae
1032 2279 1147 2337 affimat

191 2376 352 2454 Epistolam
376 2377 413 2434 ad
434 2374 499 2435 Gal.
523 2373 659 2450 scriptam
685 2374 776 2432 fuisse
793 2377 862 2434 anto
881 2375 1024 2451 scriptam
1047 2378 1104 2454 Ep.
1117 2379 1147 2436 ad

191 2474 462 2537 Rom—sententia
488 2493 576 2552 qnam
610 2472 698 2532 multi
731 2475 843 2544 tenent,
878 2474 968 2533 multi
1005 2477 1147 2553 rejiciunt,

190 2576 311 2637 Utinam
325 2576 360 2635 de
374 2573 535 2652 quaestione
557 2592 644 2650 supra
664 2572 758 2650 posita
772 2573 983 2650 disceptassent
994 2579 1147 2637 auctores:

190 2695 253 2735 eam
267 2673 525 2734 automanemine
539 2691 638 2732 eorum
652 2675 759 2732 tactam
773 2671 847 2732 vidi.
889 2673 1042 2751 Quicquid
1053 2680 1145 2738 auten
1196 2735 1197 2746 ,

190 2778 292 2836 dehoc
306 2776 422 2846 dicitur,
437 2777 548 2835 certum
561 2777 605 2834 est
619 2772 779 2834 doctrinam
800 2773 831 2833 S.
847 2774 945 2844 Pauli,
961 2795 1001 2834 ex
1015 2795 1077 2854 qna
1089 2795 1145 2854 poa
1196 2769 1197 2788 ¹

189 2876 255 2937 simi
268 2875 317 2934 isti
331 2873 542 2934 conclusionem
559 2893 640 2932 suam
661 2873 818 2950 possimam
832 2874 958 2950 pessime
970 2875 1144 2949 intulerunt,
1196 2857 1197 2914 l

188 2995 251 3036 eam
272 2975 364 3052 ipsam
386 2993 446 3033 esse
467 2993 556 3052 quam
577 2973 609 3032 in
632 2977 755 3049 utraque
779 2972 921 3050 Epistola,
949 2974 987 3035 ad
1012 2975 1099 3036 Rom.
1118 2981 1144 3035 et

190 3077 265 3151 Gal,
281 3076 417 3148 inculcat,
432 3095 546 3152 nempe,
563 3095 650 3152 opera
671 3075 746 3151 legis
769 3073 846 3133 nihil
870 3075 1004 3135 conferre
1019 3077 1057 3136 ad
1071 3078 1141 3136 salu·

188 3185 257 3250 tem,
273 3176 398 3238 atillam
412 3175 498 3234 aliam
513 3175 639 3251 (Rom),
651 3193 755 3250 nempe
768 3173 811 3233 ibi
824 3173 951 3250 gratiam
965 3179 1140 3254 superabun-

189 3277 257 3333 dare
270 3273 323 3332 ubi
336 3271 496 3331 abundavit
516 3272 665 3332 delictum.
707 3271 794 3330 Nune
808 3270 845 3329 ad
859 3271 1066 3348 objectionem.

229 3378 277 3435 92.
298 3373 384 3448 Rcap.
399 3370 574 3446 Distinguo:
599 3371 630 3430 Si
646 3371 675 3432 S.
691 3371 801 3429 Paulus
815 3369 996 3432 catholicam
1011 3373 1048 3434 de
1056 3373 1137 3451 justi·

188 3473 323 3532 fications
346 3469 506 3530 doctrinam
530 3475 560 3528 et
583 3489 642 3528 non
667 3469 908 3530 Protestanticam
921 3473 1085 3544 tradiderit,
1098 3474 1137 3532 in-

187 3572 283 3648 telligi
304 3589 363 3630 non
383 3571 479 3648 potest
502 3569 646 3646 quomodo
661 3571 696 3628 ab
709 3571 770 3628 ullo
794 3589 870 3629 sanae
893 3572 1002 3630 mentis
1022 3573 1135 3650 prefata

187 3671 332 3733 conclusio
354 3669 459 3731 exinde
481 3668 582 3728 inferri
609 3673 723 3749 posset:
754 3671 910 3732 Transeatc
942 3672 981 3732 In
1006 3672 1132 3745 locis,in
