2408 4304
78 380 172 426 nrsr.
188 359 237 446 x.]
308 357 364 438 De
379 355 663 444 Dz‘sposr'tzbm'bus
677 358 723 424 od
738 357 885 447 Juctz'fic.
975 377 1037 442 375

75 525 357 605 explicite:-“Ex
382 525 517 602 operibus
542 525 609 602 lepis
633 545 691 584 non
711 525 921 602 justificabitur
946 525 1040 584 omnis

76 647 158 688 caro.
183 673 189 686 .
213 674 220 688 .
244 674 250 687 .
272 627 360 686 Nunc
382 629 479 685 autem
498 625 560 684 sinc
583 625 637 701 lopo
647 625 764 702 justitia
783 625 838 684 Dei
856 625 1040 685 manitestata

76 730 136 786 est.
155 773 186 786 ..
209 773 216 787 .
239 725 426 784 Arbitramur
439 726 516 784 enim
531 725 689 802 justificari
711 724 856 784 hominem
878 745 929 801 per
951 725 1039 785 fidem

76 829 146 886 sine
161 828 296 904 operibus
310 826 418 904 lepis?
436 826 480 887 iii.
496 831 544 898 20,
561 829 608 898 21,
624 831 673 888 28.
716 826 856 886 Similiter
868 827 909 888 iv.
927 831 972 900 13,
992 831 1037 900 14,

80 929 206 1000 15,16;
231 926 271 987 vi.
290 931 342 1000 14;
359 927 409 986 dcc.
452 927 487 984 In
509 925 575 984 aliis
596 925 676 998 locis,
692 925 744 984 ubi
763 925 831 1000 fidei
852 931 1039 1004 opponuntur

78 1045 173 1103 opera
187 1025 359 1102 simpliciter
378 1029 408 1084 et
423 1024 485 1083 sine
498 1024 605 1096 addito,
621 1024 706 1085 valde
726 1025 874 1102 probabile
893 1031 939 1086 est
950 1026 1038 1086 intel·

77 1125 139 1202 ligi
152 1144 239 1201 opera
251 1123 325 1202 legis
339 1123 438 1202 (infra,
453 1143 482 1184 n.
500 1125 570 1202 ab:
587 1127 698 1182 certum
712 1128 810 1184 autem
823 1129 868 1186 est
881 1145 939 1184 non
953 1126 1038 1185 intel·

79 1224 139 1300 ligi
153 1223 211 1283 alia
224 1243 309 1301 opera
323 1243 359 1282 cx
373 1223 467 1299 gratia
480 1223 566 1284 facte.
608 1223 671 1282 Lex
685 1227 784 1284 autem
801 1223 863 1298 illa,
879 1225 934 1284 etsi
947 1225 1041 1284 multa

79 1324 189 1383 habuit
201 1327 356 1400 proecepta,
371 1343 410 1382 cx
424 1342 454 1381 se
466 1323 580 1382 nullam
593 1322 674 1382 dedit
687 1323 810 1400 gratiam
825 1343 883 1402 qua
895 1331 1041 1402 praeceptu

80 1427 278 1484 servarentur.
321 1425 399 1482 Nota
413 1442 481 1498 ergo
493 1422 687 1482 Protestantes
702 1422 841 1482 affirmare
855 1421 940 1482 fidem
952 1423 1041 1482 solnm

78 1523 254 1600 justificare,
270 1525 300 1582 et
313 1541 399 1599 opera
419 1541 619 1598 quaecumque,
635 1521 724 1580 etiam
747 1541 784 1581 ex
798 1522 892 1598 gratia
914 1523 991 1582 facta
1012 1534 1042 1582 et

81 1621 326 1702 supernaturalia,
342 1621 417 1680 nihil
437 1623 474 1680 ad
484 1622 724 1699 justificationem
744 1622 882 1682 conferre.
923 1623 961 1681 Id
974 1643 1041 1682 vero

80 1740 269 1802 nequaquam
283 1722 365 1780 docet
378 1722 406 1781 S.
421 1721 549 1780 Paulus:
575 1720 706 1796 excludit
719 1721 797 1780 enim
819 1726 934 1780 tantum
956 1741 1042 1798 opera

81 1821 158 1899 legis
168 1821 230 1899 jam
244 1825 365 1880 mortuae
379 1822 426 1880 vel
446 1820 505 1878 alia
524 1839 610 1897 opera
624 1819 738 1893 similia,
754 1840 827 1898 pure
847 1819 993 1880 naturalia
1012 1824 1041 1880 et

81 1940 202 2000 prorsus
222 1920 341 1982 sterilia.
384 1921 416 1980 si
437 1920 533 1980 omnia
557 1940 748 1999 quacumque
775 1941 860 1999 opera
888 1921 1054 1982 excludere·

82 2020 235 2093 voluisset,
251 2039 302 2078 cur
321 2019 353 2078 id
366 2038 423 2078 non
445 2016 546 2078 dixit?
585 2020 699 2094 Nonne,
715 2021 896 2096 econtrario,
920 2021 1062 2082 dicendor

83 2125 140 2184 illc
152 2144 246 2202 opera,
263 2125 299 2184 ab
313 2143 346 2184 eo
360 2123 466 2184 diserte
488 2125 645 2197 nominata,
663 2144 722 2184 non
742 2127 870 2186 conferre
883 2126 920 2185 ad
929 2126 1040 2205 justifi-

82 2224 237 2299 cationem,
260 2243 319 2284 non
338 2225 459 2284 obscure
481 2223 632 2284 insinuare
654 2224 770 2285 ridetur
792 2225 851 2286 clio
874 2245 934 2288 esse
956 2246 1042 2305 opera

85 2343 152 2402 qnae
167 2325 203 2383 ad
217 2344 281 2384 eam
295 2321 469 2382 conferunt?

127 2425 175 2485 77.
197 2425 248 2484 8⁰.·
259 2423 413 2500 Spectatur
426 2423 476 2482 lex
487 2422 650 2482 nouaclum
664 2426 699 2482 ut
709 2423 820 2482 nullam
829 2425 1042 2486 communicans

84 2523 217 2599 gratiam,
234 2524 285 2582 sed
298 2523 386 2583 etiam
399 2527 435 2582 ut
448 2522 523 2582 iram
536 2542 657 2600 operans
672 2523 726 2600 (iv.
744 2522 804 2598 15),
820 2523 840 2584 i.
850 2543 886 2592 ε..
901 2527 1041 2603 tanquam

85 2641 173 2682 causa
185 2623 378 2694 occasionalis,
393 2642 503 2699 augens
523 2626 675 2700 peccatum
693 2626 723 2683 et
737 2622 899 2699 graviorem
916 2623 1042 2684 inferens

85 2722 209 2784 ruinam.

129 2823 175 2882 78.
197 2822 261 2884 III.
283 2823 379 2900 Supra
393 2811 437 2900 (n.
454 2827 501 2894 35,
517 2822 581 2900 dac.)
597 2836 633 2880 ex
644 2821 706 2899 ipso
718 2821 748 2883 S.
763 2822 863 2894 Paulo,
876 2823 952 2882 sicut
965 2827 1041 2882 etex

86 2921 153 2982 aliis
168 2923 336 3000 scripturis,
352 2923 581 2984 demonstratum
602 2927 646 2982 est
659 2923 749 2984 solam
763 2924 850 2984 fidam
864 2943 922 2983 non
931 2924 1040 3004 justifi-

86 3041 161 3083 care.
202 3023 250 3082 Ex
264 3042 322 3101 quo
335 3023 475 3084 indirecto
488 3023 628 3104 sequitur,
644 3025 722 3100 quod
740 3043 778 3084 cx
792 3024 969 3101 argumentis
978 3024 1041 3103 jam

87 3121 163 3181 datis
196 3123 329 3199 sequitur
354 3123 471 3195 directe,
499 3143 612 3200 nempe,
641 3124 671 3184 S.
698 3123 824 3182 Paulum
850 3123 881 3182 in
911 3124 1041 3184 textibus

87 3221 208 3298 objectis
233 3241 292 3282 non
316 3221 470 3284 excludere
497 3242 583 3301 opera
609 3223 747 3284 salutaria
774 3224 824 3282 sed
845 3242 930 3300 opera
955 3228 1040 3284 nat-

81 3313 166 3382 'ralia

131 3421 178 3480 79.
206 3420 328 3499 Wpctcr
344 3425 369 3484 1.
393 3423 457 3493 Quo
480 3426 609 3501 tempora
631 3423 747 3501 (Genea.
762 3441 813 3484 xv.
829 3421 861 3500 o)
882 3423 1039 3492 Abraham,

92 3519 245 3580 secundum
262 3522 292 3582 S.
307 3522 432 3581 Paulum
457 3521 511 3600 (iv.
528 3527 555 3596 2,
571 3523 614 3600 3),
626 3521 803 3599 justificatus
826 3529 917 3580 estex
938 3522 995 3582 fide
1010 3526 1041 3581 ct

91 3639 148 3680 non
181 3639 219 3680 ex
249 3623 395 3699 operibus,
420 3621 482 3698 jam
511 3620 610 3698 justus
636 3620 704 3694 fuit,
733 3625 763 3680 et
791 3640 877 3699 opera
908 3621 972 3699 ejus
1002 3641 1040 3682 ex
