2430 4304
169 393 230 452 222
534 373 590 444 De
607 367 740 444 crocu
941 371 1043 466 [urar.
1068 395 1133 446 mr.
1197 405 1198 448 r

168 547 217 608 vel
242 541 455 619 “efficaciter”
475 543 526 604 sed
548 545 624 622 petit
645 541 769 621 gratiam
791 542 841 606 vel
865 543 1004 606 effectum
1022 545 1133 623 gratia

169 642 348 722 simpliciter.
390 642 432 702 20.
453 641 512 709 Qui
525 642 600 719 petit
613 641 738 718 gratiam
752 641 788 701 ad
802 641 933 720 aliquem
945 642 1037 702 ham
1051 663 1135 705 asse-

170 741 326 821 quendum,
342 739 403 799 sive
416 739 579 815 generalem
599 739 660 798 sive
679 738 894 815 particularem,
909 760 939 800 v.
950 759 979 815 g.
993 740 1032 799 ad
1052 741 1136 800 hanc
1198 759 1199 800 1

169 841 325 900 instantem
347 837 537 898 tentationem
559 836 742 909 vincendam,
762 837 788 896 si
808 839 906 898 animo
929 839 1043 900 siucero
1067 844 1137 900 oret

171 937 214 1017 (et
238 935 278 997 sie
299 955 357 996 nen
380 937 495 1009 orando,
521 953 580 994 non
601 937 665 994 orat
687 935 737 993 aed
759 933 886 1013 illudit),
912 954 946 996 ao
966 936 1030 1013 ipso
1044 941 1136 998 etex

170 1041 274 1096 natura
286 1037 337 1108 rei,
353 1035 384 1095 id
399 1035 477 1113 quod
489 1033 632 1112 imprimis
644 1034 703 1093 imo
713 1033 800 1094 unice
812 1035 881 1094 vult
895 1038 926 1096 at
938 1035 1073 1097 intendit
1087 1042 1136 1098 est

170 1142 205 1197 ut
218 1136 358 1198 liberetur
371 1156 389 1195 a
402 1134 570 1207 tentatione,
586 1133 635 1192 vel
648 1134 751 1194 saltem
764 1141 800 1193 ut
813 1135 849 1193 ab
858 1153 895 1194 sa
907 1155 967 1195 non
976 1135 1132 1210 vincatur,

170 1237 190 1296 i.
204 1255 228 1297 e.
243 1239 279 1298 ut
292 1235 413 1312 recipiat
433 1235 556 1310 gratiam
576 1253 664 1311 quam
685 1233 815 1309 theologi
836 1238 943 1294 vocant
956 1236 1107 1296 efficacem
1123 1260 1133 1308 ς

171 1337 268 1410 itaut,
285 1337 310 1396 si
324 1335 447 1396 tentatio
470 1353 529 1393 non
550 1338 625 1393 esset
645 1335 817 1411 superanda,
832 1333 929 1394 lorsau
944 1336 981 1394 de
995 1337 1134 1397 orations

172 1441 202 1496 ct
215 1433 310 1510 gratia
320 1455 356 1495 ne
370 1434 487 1512 quidem
500 1433 665 1508 cogitasset.

213 1540 261 1594 92.
283 1537 367 1612 Respo.
381 1535 416 1593 ad
430 1553 615 1610 consequens,
636 1532 714 1592 illud
727 1552 786 1592 uon
797 1533 889 1610 sequi.
934 1534 975 1595 1⁰.
998 1534 1136 1595 Ecclesia

165 1638 195 1695 ot
209 1634 318 1710 singuli
332 1634 432 1694 fideles
446 1633 485 1712 (si
507 1632 540 1692 hi
561 1633 658 1693 debito
677 1633 763 1692 modo
785 1635 883 1711 orent)
898 1653 1013 1710 semper
1024 1637 1137 1712 petunt

175 1733 298 1810 gratiam
311 1734 462 1806 efficacem,
477 1751 535 1791 non
549 1732 619 1810 quia
628 1733 751 1792 credunt
763 1732 889 1808 gratiam
902 1751 961 1792 uon
974 1752 1037 1793 esse
1051 1735 1135 1794 suffl-

175 1834 298 1893 cientem
321 1832 379 1892 nisi
400 1833 439 1892 sit
459 1832 584 1902 efficsx;
606 1833 656 1891 sed
678 1832 748 1909 quia
768 1832 890 1891 affectus
907 1831 1011 1908 gratias
1033 1832 1067 1892 id
1091 1835 1137 1893 est

176 1932 253 2010 quod
274 1931 411 2010 primario
432 1935 463 1992 et
483 1931 600 1991 omuino
633 1931 747 2003 volunt,
772 1935 804 1990 et
825 1949 928 1990 revera
945 1949 1006 1990 uon
1026 1934 1136 2008 petunt

175 2031 297 2108 gratiam
306 2031 363 2091 nisi
372 2035 489 2109 propter
502 2031 648 2102 effectum,
664 2030 728 2091 ideo
737 2029 769 2090 vi
781 2030 900 2090 termini
914 2032 945 2090 et
958 2031 1133 2103 necemario,

175 2131 316 2208 implicite
327 2119 437 2206 saltein,
452 2135 557 2209 petunt
578 2131 724 2203 effectum,
741 2149 793 2189 seu
806 2132 913 2206 petunt
926 2130 1053 2206 gratiam
1068 2147 1134 2209 quoe
1202 2128 1203 2200 l

177 2230 314 2290 sortietur
335 2231 479 2304 effectum,
503 2230 523 2290 i.
535 2249 559 2290 a.
585 2229 711 2306 gratiam
733 2231 886 2291 efficacem.
927 2231 972 2289 20.
994 2231 1134 2309 Insuper,

177 2351 353 2409 consequens
367 2351 405 2391 ex
418 2330 605 2390 antecedente
619 2348 678 2388 non
693 2331 775 2407 sequi
788 2333 871 2406 patet
879 2349 916 2390 ex
928 2329 1136 2407 propositioni-

177 2433 233 2492 bus
246 2431 445 2491 ansenisticis
459 2431 494 2489 de
507 2428 600 2506 gratia
614 2429 770 2489 sufficienti
784 2431 822 2488 ab
836 2428 965 2489 Ecclesia
979 2429 1135 2490 damnatis.

219 2535 266 2590 93.
295 2531 391 2610 Otjcce.
410 2534 455 2590 10.
476 2529 559 2588 Deus
578 2548 638 2587 non
652 2532 730 2610 esset
742 2529 891 2590 beneficus
903 2529 998 2588 dando
1012 2529 1137 2606 gratiam

179 2650 266 2709 quam
281 2630 422 2707 praevidet
436 2647 495 2688 esse
509 2647 587 2686 mere
601 2627 801 2688 sufficientem.

219 2733 266 2788 94.
277 2731 365 2805 'Rcsp
396 2729 487 2804 Nego.
526 2727 601 2786 Haec
622 2730 675 2798 cst,
702 2728 798 2804 quoad
821 2725 1010 2804 principium,
1037 2725 1137 2784 eadem

178 2828 301 2906 objectio
335 2846 400 2906 quac
422 2830 544 2903 urgetur
565 2829 664 2885 contra
685 2826 849 2886 bonitatem
872 2824 928 2884 Dei
950 2824 983 2882 in
1004 2825 1137 2894 creandis

180 2927 290 3004 angelis
303 2931 332 2987 et
345 2927 513 2985 hominibus
527 2946 598 3004 quos
618 2926 797 3003 previdebat
810 2945 870 2986 esse
881 2925 1062 2985 damnandos
1076 2947 1086 2997 ς
1107 2926 1137 2984 et

180 3025 305 3086 solvitur
319 3045 406 3102 supra
420 3025 513 3097 dictis,
530 3045 560 3085 n.
576 3030 614 3084 82
628 3029 659 3084 et
673 3026 750 3084 alibi.

222 3131 269 3186 95.
296 3125 395 3203 Oljcot.
420 3129 464 3184 11.
497 3125 598 3185 Gratia
616 3126 718 3184 efficax
741 3126 787 3184 est
807 3122 967 3184 necessaria
993 3123 1032 3182 ad
1052 3140 1138 3184 omno

181 3245 254 3304 opus
267 3225 402 3286 salutare.
443 3223 520 3299 Ergo
533 3243 592 3282 non
606 3225 692 3282 datur
705 3224 799 3300 gratia
812 3241 890 3284 mere
904 3221 1060 3284 sufficiens.

223 3331 270 3386 96.
293 3325 376 3402 Rerp.
398 3324 554 3399 Distinguo
564 3324 751 3382 antecedens:
775 3321 877 3382 Gratia
886 3322 987 3381 efficax
1000 3325 1037 3380 ut
1051 3322 1137 3382 deno·

182 3425 341 3485 minatione
354 3443 426 3501 pure
436 3423 598 3483 extrinseca
612 3424 648 3482 ab
662 3422 766 3481 effectu
777 3422 906 3480 derivata
920 3441 936 3479 a
950 3421 1046 3497 gratia
1058 3423 1137 3481 suffl-

184 3525 278 3582 ciente
293 3523 438 3596 distincta,
454 3523 475 3584 i.
486 3543 511 3592 e,
535 3526 571 3582 ut
591 3521 690 3580 usam
705 3540 791 3580 suum
808 3515 960 3580 effectum:
985 3519 1136 3581 Concedo:

183 3623 226 3694 Ut
243 3621 305 3692 ulla
328 3621 360 3683 vi
379 3622 537 3694 intrinseca
560 3620 667 3713 potiori
680 3639 698 3679 a
710 3619 805 3707 gratia
820 3617 974 3694 sufficienti
988 3617 1135 3708 distincta,
