2402 4292
31 475 36 480 ,
62 427 168 478 misr.
185 407 248 496 un]
318 408 374 476 Da
389 407 577 476 Naturam
597 407 646 480 1⁷2·
657 405 754 474 Grai.
769 405 882 474 Habit.
962 429 1034 496 333

72 575 187 637 nificat
206 575 364 654 aliquando
385 575 530 635 deelarars
550 575 683 654 justum:
705 574 854 652 Oonnedoa
876 575 1036 654 Nunquam

74 671 232 750 signifieat
251 671 340 734 etiam
357 672 453 734 faeere
469 671 598 750 justam:
621 670 851 748 Subdistinguo:
873 671 1038 732 Seeundum

73 793 200 835 sensum
213 775 345 834 nostrum
357 773 552 850 theologicum
562 772 791 852 justificationis,
807 791 921 851 nempe,
935 773 1036 834 remis·

75 875 166 936 sione
187 895 257 936 vera
277 876 390 953 pennati
413 895 508 936 eoram
530 874 601 948 Deo,
617 878 646 936 et
659 874 786 935 maxime
799 893 851 952 per
864 873 1039 935 infusionem

79 975 189 1055 gratita
202 976 381 1039 habitualis:
403 977 533 1038 Ooneedo
547 977 706 1056 (quomodo
719 975 843 1036 enimin
856 994 904 1036 ore
916 975 1038 1038 istarum

79 1083 219 1142 veterum
232 1097 410 1157 paganorum
426 1079 646 1140 ullumvenbum
654 1097 703 1138 eas
715 1097 762 1138 res
771 1077 933 1155 significare
942 1077 1040 1157 potuit

80 1179 124 1240 da
139 1178 246 1256 quibus
259 1178 336 1240 nihil
354 1197 485 1258 unquam
504 1181 651 1240 noverunt
663 1181 715 1238 aut
728 1177 894 1269 audierunt,
916 1197 1040 1256 quorum

80 1280 201 1342 nullam
218 1281 325 1342 habere
338 1282 498 1358 potuerunt
511 1280 658 1342 notionem
673 1278 721 1358 ?):
762 1279 925 1340 Secundum
940 1297 1040 1340 eorum

81 1383 185 1444 ideam
204 1382 279 1461 justi
300 1385 331 1442 et
348 1382 465 1460 justum
487 1380 623 1456 faciendi,
641 1383 696 1453 etsi
715 1381 785 1442 adeo
798 1381 998 1460 imperfectum
1011 1386 1041 1441 et

82 1483 233 1557 vitiosam,
256 1484 431 1544 venabulum
453 1503 604 1562 nunquam
623 1481 770 1559 signifieat
787 1501 855 1543 vere
875 1483 991 1560 justum
1011 1485 1042 1542 et

82 1593 204 1645 rentum
235 1583 339 1657 faeere,
375 1585 426 1644 sed
459 1587 574 1644 tantum
605 1583 750 1643 declarare
780 1584 916 1660 justum:
948 1583 1040 1657 Nego.

86 1687 255 1746 “Asxtcou:
278 1682 635 1762 etmatlytomakart'qbt3'
676 1682 915 1754 Lmnun,invoe.
954 1681 1043 1742 Plura

85 1804 160 1846 sane
174 1791 243 1846 sunt
255 1785 405 1855 voeabula,
425 1787 462 1844 ut
482 1784 571 1856 Deus,
587 1783 702 1857 eoelnm,
718 1783 799 1856 fides,
816 1801 890 1860 spes,
907 1781 1041 1854 ebaritas,

85 1883 195 1962 gratia,
216 1887 279 1958 isa,
308 1902 375 1963 qum
405 1883 483 1962 apud
513 1883 585 1943 istos
607 1886 721 1944 ueteres
742 1876 929 1961 nequaquam
949 1882 1044 1960 ipsam

85 2003 153 2044 rem
175 1983 326 2062 adaquata
348 1985 508 2060 spectatam
535 1982 710 2059 significant,
734 2001 823 2060 quam
844 1982 924 2060 apud
944 1981 1044 2043 Ohm's-

87 2085 187 2146 timos
201 2083 365 2160 significant
373 2103 382 2158 3
402 2101 476 2142 num
495 2102 563 2159 ergo
576 2102 638 2143 rem
651 2085 686 2143 ut
698 2083 734 2144 ab
748 2081 785 2143 iis
798 2085 967 2162 conceptam
986 2102 1045 2143 non

86 2203 161 2245 vere
174 2183 399 2260 signifieanunt‘l
1028 2191 1032 2198 '
1049 2247 1051 2252 ,

134 2286 180 2341 82.
195 2281 238 2343 2⁰.
258 2281 417 2358 Distinguo
438 2280 612 2341 antecedens
631 2281 727 2358 quoad
747 2281 903 2342 secundam
921 2285 1044 2360 partem,

87 2400 206 2460 nempe,
221 2381 317 2459 quoad
334 2399 422 2440 usum
442 2381 473 2442 S.
489 2379 667 2458 Scriptura:
690 2379 774 2458 Saepe
794 2380 940 2458 signifieat
952 2382 1046 2442 deela-

88 2501 157 2543 rare
166 2481 302 2560 justum:
318 2480 464 2542 Concedo:
479 2481 616 2558 Semper:
630 2478 725 2555 Nego.
768 2480 849 2540 “Ait
862 2481 940 2540 enim
952 2480 1047 2558 Apos-

88 2580 172 2644 tolus
186 2581 283 2660 (Rom.
299 2580 390 2660 viii).
412 2579 506 2648 ‘Quos
516 2578 701 2659 justificavit,
716 2579 770 2638 hos
782 2586 812 2638 et
826 2578 1046 2655 magnificavit!

90 2679 210 2744 Ibidem
234 2679 312 2740 enim
331 2679 428 2740 utitur
447 2679 546 2739 verbis
567 2677 745 2751 vivificandi,
759 2677 963 2752 mortificandi,
978 2697 1047 2738 eon-

90 2778 285 2857 glorifieandi,
306 2797 373 2858 qum
393 2782 462 2840 sunt
481 2778 598 2838 omnino
622 2777 729 2837 similia
749 2778 838 2838 verbo
855 2777 1046 2856 justificandi.

90 2880 188 2942 Nemo
215 2882 315 2940 autem
341 2881 462 2956 negaret
485 2879 671 2955 magnifieum
697 2897 758 2939 esse
779 2897 920 2956 magnum
944 2878 1047 2949 faeere,

92 2978 245 3040 vivificare
261 2978 365 3039 vivum
385 2980 489 3048 faeere,
503 2977 678 3038 mortificare
697 2982 845 3044 mortuum
865 2979 968 3048 faeere,
983 2971 1049 3038 aon-

93 3077 258 3156 glorifieere
271 3077 431 3153 gloriosum
445 3096 512 3136 eum
525 3076 582 3135 alio
596 3075 707 3138 faeere:
723 3095 776 3135 eur
789 3075 881 3152 igitur
890 3074 1051 3153 justificare

94 3197 154 3238 non
167 3177 207 3237 sit
220 3177 307 3238 etiam
317 3177 433 3255 justum
447 3177 540 3236 faeere
548 3174 580 3236 ?'’
617 3176 769 3236 Binum.
786 3177 822 3234 de
831 3175 1049 3253 justificatione,

94 3279 118 3340 1.
133 3282 161 3354 2,
178 3297 204 3340 e.
221 3283 256 3339 9:
281 3278 437 3339 videantur
460 3277 518 3338 alia
541 3277 685 3354 exempla,
707 3276 778 3336 ibid.
803 3263 828 3335 e.
844 3280 872 3335 3.
915 3275 959 3334 3⁰.
980 3275 1051 3336 Este

1 3406 4 3414 ¹
100 3381 275 3441 vocabulum
290 3383 413 3450 δικαιοω,
427 3399 479 3457 per
490 3398 529 3453 se,
541 3398 654 3456 semper
664 3379 827 3456 significare
833 3377 949 3456 justum
959 3377 1051 3438 deela-

95 3498 170 3554 rare,
185 3484 215 3541 et
228 3480 265 3539 ad
278 3479 395 3540 literam
410 3477 485 3538 verti
499 3479 602 3539 debere
615 3497 674 3538 non
689 3478 829 3556 “justum
842 3477 937 3536 faei0”
951 3477 1052 3556 (justi-

97 3579 167 3657 fico)
194 3580 245 3641 sed
274 3581 416 3658 “justum
449 3577 588 3640 deelaro'’
621 3577 671 3658 (ut
697 3578 908 3638 contenderunt
933 3576 1054 3655 qnidam

99 3679 257 3763 Pusayita,
267 3671 427 3742 doetrinam
439 3677 662 3740 Calvanistiaam
674 3678 710 3737 de
716 3677 928 3761 justificatione
936 3676 1053 3740 omnino
