2408 4304
176 442 239 521 388
544 437 600 502 De
617 435 754 504 Gratzit.
987 433 1084 528 [nisu.
1097 457 1135 503 ur.

174 602 352 688 (inlocum),
377 602 472 663 “vult
491 606 621 664 nostram
643 624 727 682 spem
747 604 886 665 mixtam
903 624 972 665 esse
985 604 1137 674 formidine,

173 722 282 782 nosque
296 701 425 763 solicitos
438 723 470 762 ac
484 722 637 780 suspensos
654 706 766 776 tenere,
783 707 822 764 ut
835 704 1008 764 securitate
1021 725 1079 764 non
1090 709 1138 764 tor-

174 821 333 881 pescomus‚
356 803 406 861 sed
427 821 492 862 cum
511 807 593 861 metu
606 806 636 862 et
649 807 776 864 tremore
788 802 965 880 vigilanter
978 808 1013 866 ct
1026 803 1140 865 studiose

175 908 303 963 nostrum
327 900 450 961 sulutem
470 900 648 979 operemur.’'
692 901 733 964 5⁰.
754 903 795 962 In
817 901 888 980 ipso
904 905 1009 976 textu,
1024 921 1097 963 vers.
1112 905 1140 962 ll

175 998 355 1076 insequente,
371 997 550 1074 significetur
560 997 760 1058 testimonium
770 999 849 1058 illud
860 1019 929 1060 esse
940 998 1139 1068 conditionale,

176 1097 278 1158 saltem
291 1097 380 1158 nteit
394 1101 528 1158 constans
541 1101 572 1158 et
585 1097 701 1172 durans,
725 1098 813 1176 quule
827 1099 942 1160 volunt
964 1119 1031 1160 esso
1051 1099 1140 1159 edver-

176 1196 244 1258 sarii
255 1203 327 1258 :-“
339 1195 372 1258 Si
384 1200 483 1258 autem
495 1196 559 1271 filii,
576 1201 606 1258 et
617 1198 747 1258 heredes
761 1217 768 1258 ε
790 1197 927 1258 haeredes
942 1199 1070 1277 quidem
1083 1198 1139 1268 Dei,

177 1296 338 1358 cohoeredes
364 1301 461 1356 autem
485 1295 613 1357 Christi:
645 1297 794 1358 ettamen
822 1299 1043 1376 compatimur,
1067 1305 1100 1358 nt
1116 1303 1140 1357 ct

176 1395 452 1473 conglorificemur.’'

217 1499 263 1556 16.
291 1495 394 1571 Otjoot.
427 1500 456 1555 4.
479 1495 570 1555 “Nos
589 1501 759 1556 autemnon
774 1493 916 1573 spiritum
931 1497 1033 1576 hujus
1046 1497 1138 1558 mundi

176 1593 347 1673 accepimus,
362 1595 412 1655 sed
430 1593 572 1672 Spiritum
586 1595 638 1673 qui
651 1595 764 1703 eleeo
778 1600 832 1672 est,
850 1600 888 1657 uc
902 1596 1040 1657 sciamus
1053 1617 1138 1676 quus

175 1698 238 1755 Deo
258 1695 364 1754 donate
384 1698 453 1754 sunt
466 1693 576 1754 nobis''
621 1698 632 1752 l
652 1695 714 1754 (lor.
730 1694 761 1754 ii.
780 1698 826 1754 12.
867 1697 964 1772 Ergo,
983 1697 1016 1757 S.
1033 1696 1138 1775 Spiritu

176 1797 306 1868 docente,
332 1793 429 1856 sciunt
447 1793 556 1872 singuli
576 1814 641 1873 quae
660 1815 677 1855 a
696 1796 760 1856 Deo
779 1795 817 1854 iis
838 1796 952 1868 donate
974 1803 1058 1872 sunt,
1078 1817 1137 1875 ergo

176 1892 321 1972 propriam
333 1891 581 1970 justificationem.

220 1993 266 2054 17.
287 1994 370 2068 serp.
392 1991 548 2068 Distinguo
558 2011 660 2052 verum
673 1995 774 2053 textus
787 2011 906 2052 sensum
920 2012 938 2052 a
953 1993 1033 2054 falso
1045 2013 1053 2055 :
1074 1991 1134 2070 sig·

177 2093 314 2154 uificetur
333 2093 366 2152 in
386 2097 472 2154 textu
492 2092 621 2169 singulos
637 2093 733 2171 justos
754 2113 837 2154 suam
855 2093 1013 2172 propriam
1030 2095 1134 2173 justili-

177 2198 319 2260 cationem
328 2218 345 2258 a
355 2199 385 2259 S.
397 2197 511 2275 Spiritu
520 2197 639 2258 docente
648 2197 738 2258 scire:
762 2200 863 2276 Nego:
880 2198 1005 2259 Fideles
1019 2199 1055 2260 in
1067 2220 1134 2260 oom-

174 2296 267 2374 muni,
289 2317 388 2359 omnes
401 2298 501 2360 fideles
521 2298 556 2376 (⁴¹
569 2317 617 2357 nos
631 2298 774 2376 autem”),
797 2297 898 2358 sciunt
911 2300 1063 2376 mysterio
1074 2297 1135 2359 fidei
1191 2351 1192 2354 ,

173 2403 327 2477 ceteroque
348 2395 487 2458 beneficia
506 2397 562 2457 Dei
576 2396 707 2456 omnibns
720 2397 857 2458 fidelibus
874 2399 907 2457 in
929 2398 1086 2458 communi
1097 2418 1136 2458 re·

173 2502 269 2562 velate
281 2504 310 2562 ct
323 2499 448 2560 donator
471 2499 620 2560 Concedo:
642 2503 676 2558 ut
695 2502 778 2576 putet
795 2519 834 2560 ex
848 2497 948 2560 verbis
969 2499 1136 2562 immediate

174 2599 372 2679 sequentibus,
387 2617 461 2658 vers.
481 2603 535 2658 13:
557 2604 619 2644 -“
631 2617 697 2676 quoe
719 2599 907 2678 elloquimur
930 2599 1040 2660 nonin
1051 2599 1136 2660 doctis

174 2706 308 2765 humcnae
322 2702 470 2782 sapientiae
484 2702 610 2775 verbis‚''
625 2706 675 2763 &c

218 2810 264 2866 18.
291 2803 391 2881 Objoot.
408 2808 435 2864 5.
457 2809 476 2837 ‘⁶
488 2802 588 2863 Gloria
597 2807 695 2862 nostra
707 2802 770 2862 haec
783 2806 837 2878 est,
849 2802 1060 2865 testimonium
1073 2823 1134 2865 con·

177 2905 305 2966 scientieo
325 2910 440 2977 nostroe,
455 2904 533 2981 quod
552 2902 585 2963 in
604 2902 789 2982 simplicitate
807 2903 902 2964 cordis
923 2911 955 2966 et
969 2904 1134 2966 sinceritate

54 3003 56 3007 ’
177 3003 243 3079 Dei,
259 3011 289 3064 et
301 3023 360 3062 uon
373 3003 406 3062 iu
419 3002 562 3080 sapientie
575 2991 691 3074 carneli,
716 3003 766 3064 sed
779 3003 810 3062 in
823 3003 921 3080 gratie
934 3004 1004 3078 Dei,
1020 3024 1133 3065 conver·

178 3104 235 3166 seti
250 3123 350 3164 sumus
362 3103 395 3161 in
408 3103 462 3161 hoc
475 3102 612 3161 mnud⁰.''
648 3101 744 3184 2¹(lor.
759 3102 780 3162 i.
797 3107 843 3162 12.
879 3104 909 3163 S.
919 3104 1016 3163 Panlo
1031 3107 1133 3164 tesuu

178 3203 467 3266 estconsoientiesus
480 3220 510 3260 se
520 3201 634 3278 justum
646 3200 745 3262 fiiisse.
786 3201 872 3267 Quod
885 3207 987 3262 eutem
1001 3187 1132 3263 SssPaulo
1191 3229 1192 3238 κ

178 3309 286 3366 testate
308 3307 353 3364 est
376 3300 550 3362 conscientie
570 3320 631 3374 sus,
655 3300 688 3361 id
709 3301 888 3378 singulorum
907 3301 1061 3378 justorum
1081 3300 1131 3361 sibi

179 3406 373 3468 testificantur
386 3401 566 3464 conscientiae
580 3419 649 3462 suso.

220 3508 267 3564 19.
289 3503 374 3577 neap.
399 3501 440 3560 1⁰.
460 3498 615 3575 Distinguo
629 3498 784 3576 mojorem:
814 3499 932 3559 Testatu
942 3501 988 3559 est
1003 3500 1033 3560 S.
1042 3497 1129 3559 Panlo

179 3602 353 3664 conscientia
366 3621 419 3661 suc
432 3620 461 3660 se
474 3598 574 3658 munia
593 3619 646 3658 suu
664 3599 820 3676 apostolica
836 3598 893 3658 rite
913 3598 1036 3658 obiisse:
1059 3598 1127 3658 (lon-

178 3703 266 3759 cedo:
297 3701 415 3758 Testute
438 3701 482 3758 est
505 3697 680 3757 conscientie
699 3697 765 3771 -ille,
795 3697 969 3759 certitudine
995 3697 1073 3768 fidei,
1097 3695 1125 3756 S.
