<?xml version="1.0" encoding="UTF-8"?>
<!DOCTYPE html PUBLIC "-//W3C//DTD XHTML 1.0 Transitional//EN"
    "http://www.w3.org/TR/xhtml1/DTD/xhtml1-transitional.dtd">
<html xmlns="http://www.w3.org/1999/xhtml" xml:lang="en" lang="en">
 <head>
  <title>
</title>
<meta http-equiv="Content-Type" content="text/html;charset=utf-8" />
  <meta name='ocr-system' content='tesseract 3.04.00' />
  <meta name='ocr-capabilities' content='ocr_page ocr_carea ocr_par ocr_line ocrx_word'/>
</head>
<body>
  <div class='ocr_page' id='page_1' title='image "./tractatusdegrat00murrgoog_0346.png"; bbox 0 0 2402 4292; ppageno 0'>
   <div class='ocr_carea' id='block_1_1' title="bbox 26 377 1016 487">
    <p class='ocr_par' dir='ltr' id='par_1_1' title="bbox 26 377 1016 487">
     <span class='ocr_line' id='line_1_1' title="bbox 26 377 1016 487; baseline 0.01 -39"><span class='ocrx_word' id='word_1_1' title='bbox 26 399 143 450; x_wconf 79' lang='lat' dir='ltr'>msr’.</span> <span class='ocrx_word' id='word_1_2' title='bbox 163 377 229 470; x_wconf 85' lang='lat' dir='ltr'>1x.]</span> <span class='ocrx_word' id='word_1_3' title='bbox 245 481 249 487; x_wconf 25' lang='grc' dir='ltr'>Ι</span> <span class='ocrx_word' id='word_1_4' title='bbox 298 383 354 450; x_wconf 77' lang='lat' dir='ltr'>De</span> <span class='ocrx_word' id='word_1_5' title='bbox 367 384 507 453; x_wconf 78' lang='lat' dir='ltr'>Natura</span> <span class='ocrx_word' id='word_1_6' title='bbox 521 389 555 454; x_wconf 80' lang='lat' dir='ltr'>el</span> <span class='ocrx_word' id='word_1_7' title='bbox 574 386 623 456; x_wconf 71' lang='lat' dir='ltr'>Va·</span> <span class='ocrx_word' id='word_1_8' title='bbox 634 387 730 458; x_wconf 80' lang='lat' dir='ltr'>Grut.</span> <span class='ocrx_word' id='word_1_9' title='bbox 745 388 863 457; x_wconf 80' lang='lat' dir='ltr'>Habz&#39;t.</span> <span class='ocrx_word' id='word_1_10' title='bbox 952 389 1016 472; x_wconf 75' lang='lat'>331&#39;</span> 
     </span>
    </p>
   </div>
   <div class='ocr_carea' id='block_1_2' title="bbox 32 549 1027 3744">
    <p class='ocr_par' dir='ltr' id='par_1_2' title="bbox 32 549 1020 1521">
     <span class='ocr_line' id='line_1_2' title="bbox 32 549 1014 635; baseline 0.008 -27"><span class='ocrx_word' id='word_1_11' title='bbox 32 549 97 609; x_wconf 81' lang='lat' dir='ltr'>dis</span> <span class='ocrx_word' id='word_1_12' title='bbox 114 554 248 610; x_wconf 87' lang='lat' dir='ltr'>autnon</span> <span class='ocrx_word' id='word_1_13' title='bbox 268 550 460 630; x_wconf 80' lang='lat' dir='ltr'><strong>imputandis,</strong></span> <span class='ocrx_word' id='word_1_14' title='bbox 481 554 600 616; x_wconf 87' lang='lat' dir='ltr'>videtur</span> <span class='ocrx_word' id='word_1_15' title='bbox 620 557 712 617; x_wconf 91' lang='lat' dir='ltr'>alludi</span> <span class='ocrx_word' id='word_1_16' title='bbox 724 559 760 618; x_wconf 89' lang='lat' dir='ltr'>ad</span> <span class='ocrx_word' id='word_1_17' title='bbox 773 557 882 618; x_wconf 90' lang='lat' dir='ltr'>librum</span> <span class='ocrx_word' id='word_1_18' title='bbox 899 555 1014 635; x_wconf 83' lang='lat' dir='ltr'>judicii,</span> 
     </span>
     <span class='ocr_line' id='line_1_3' title="bbox 34 649 1019 736; baseline 0.008 -27"><span class='ocrx_word' id='word_1_19' title='bbox 34 649 172 728; x_wconf 62' lang='lat' dir='ltr'>desque</span> <span class='ocrx_word' id='word_1_20' title='bbox 188 652 298 713; x_wconf 90' lang='lat' dir='ltr'>mentio</span> <span class='ocrx_word' id='word_1_21' title='bbox 316 653 351 714; x_wconf 83' lang='lat' dir='ltr'>fit</span> <span class='ocrx_word' id='word_1_22' title='bbox 374 654 407 713; x_wconf 87' lang='lat' dir='ltr'>in</span> <span class='ocrx_word' id='word_1_23' title='bbox 426 654 525 715; x_wconf 86' lang='lat' dir='ltr'>eadem</span> <span class='ocrx_word' id='word_1_24' title='bbox 550 656 709 734; x_wconf 74' lang='lat' dir='ltr'>Scriptura,</span> <span class='ocrx_word' id='word_1_25' title='bbox 733 665 763 719; x_wconf 87' lang='lat' dir='ltr'>ot</span> <span class='ocrx_word' id='word_1_26' title='bbox 783 659 886 736; x_wconf 87' lang='lat' dir='ltr'>inquo</span> <span class='ocrx_word' id='word_1_27' title='bbox 900 658 1019 718; x_wconf 84' lang='lat' dir='ltr'>bonaat</span> 
     </span>
     <span class='ocr_line' id='line_1_4' title="bbox 36 745 1018 836; baseline 0.006 -26"><span class='ocrx_word' id='word_1_28' title='bbox 36 751 137 810; x_wconf 87' lang='lat' dir='ltr'>mala</span> <span class='ocrx_word' id='word_1_29' title='bbox 150 751 307 812; x_wconf 87' lang='lat' dir='ltr'>hominum</span> <span class='ocrx_word' id='word_1_30' title='bbox 322 773 408 830; x_wconf 85' lang='lat' dir='ltr'>opera</span> <span class='ocrx_word' id='word_1_31' title='bbox 422 745 530 834; x_wconf 81' lang='lat' dir='ltr'>scripta</span> <span class='ocrx_word' id='word_1_32' title='bbox 542 756 727 831; x_wconf 87' lang='lat' dir='ltr'>exhibentur,</span> <span class='ocrx_word' id='word_1_33' title='bbox 747 764 784 818; x_wconf 90' lang='lat' dir='ltr'>ut</span> <span class='ocrx_word' id='word_1_34' title='bbox 804 757 836 817; x_wconf 89' lang='lat' dir='ltr'>in</span> <span class='ocrx_word' id='word_1_35' title='bbox 856 759 948 836; x_wconf 79' lang='lat' dir='ltr'>Apoc,</span> <span class='ocrx_word' id='word_1_36' title='bbox 963 776 1018 816; x_wconf 85' lang='lat' dir='ltr'>xx.</span> 
     </span>
     <span class='ocr_line' id='line_1_5' title="bbox 44 851 1020 935; baseline 0.006 -25"><span class='ocrx_word' id='word_1_37' title='bbox 44 854 185 911; x_wconf 78' lang='lat'>12:-“</span> <span class='ocrx_word' id='word_1_38' title='bbox 194 851 276 912; x_wconf 85' lang='lat' dir='ltr'>Libri</span> <span class='ocrx_word' id='word_1_39' title='bbox 291 853 385 930; x_wconf 86' lang='lat' dir='ltr'>aperti</span> <span class='ocrx_word' id='word_1_40' title='bbox 395 860 473 927; x_wconf 82' lang='lat' dir='ltr'>aunt,</span> <span class='ocrx_word' id='word_1_41' title='bbox 490 861 520 915; x_wconf 89' lang='lat' dir='ltr'>et</span> <span class='ocrx_word' id='word_1_42' title='bbox 530 855 607 916; x_wconf 76' lang='lat' dir='ltr'>aliua</span> <span class='ocrx_word' id='word_1_43' title='bbox 627 857 702 918; x_wconf 86' lang='lat' dir='ltr'>liber</span> <span class='ocrx_word' id='word_1_44' title='bbox 722 863 839 935; x_wconf 77' lang='lat' dir='ltr'>apertus</span> <span class='ocrx_word' id='word_1_45' title='bbox 852 863 897 916; x_wconf 87' lang='lat' dir='ltr'>eat</span> <span class='ocrx_word' id='word_1_46' title='bbox 910 856 961 934; x_wconf 89' lang='lat' dir='ltr'>qui</span> <span class='ocrx_word' id='word_1_47' title='bbox 974 861 1020 917; x_wconf 83' lang='lat' dir='ltr'>eat</span> 
     </span>
     <span class='ocr_line' id='line_1_6' title="bbox 42 950 1019 1035; baseline 0.006 -26"><span class='ocrx_word' id='word_1_48' title='bbox 42 950 151 1011; x_wconf 80' lang='lat' dir='ltr'>vitae:</span> <span class='ocrx_word' id='word_1_49' title='bbox 177 957 207 1012; x_wconf 89' lang='lat' dir='ltr'>et</span> <span class='ocrx_word' id='word_1_50' title='bbox 216 952 344 1030; x_wconf 86' lang='lat' dir='ltr'>judicati</span> <span class='ocrx_word' id='word_1_51' title='bbox 363 962 432 1014; x_wconf 83' lang='lat' dir='ltr'>aunt</span> <span class='ocrx_word' id='word_1_52' title='bbox 456 956 563 1016; x_wconf 88' lang='lat' dir='ltr'>mortui</span> <span class='ocrx_word' id='word_1_53' title='bbox 576 976 615 1017; x_wconf 85' lang='lat' dir='ltr'>ex</span> <span class='ocrx_word' id='word_1_54' title='bbox 628 957 675 1016; x_wconf 87' lang='lat' dir='ltr'>hia</span> <span class='ocrx_word' id='word_1_55' title='bbox 688 975 754 1035; x_wconf 82' lang='lat' dir='ltr'>quae</span> <span class='ocrx_word' id='word_1_56' title='bbox 768 957 877 1035; x_wconf 81' lang='lat' dir='ltr'>scripta</span> <span class='ocrx_word' id='word_1_57' title='bbox 887 961 973 1016; x_wconf 88' lang='lat' dir='ltr'>crant</span> <span class='ocrx_word' id='word_1_58' title='bbox 986 957 1019 1015; x_wconf 91' lang='lat' dir='ltr'>in</span> 
     </span>
     <span class='ocr_line' id='line_1_7' title="bbox 43 1049 1019 1134; baseline 0.007 -25"><span class='ocrx_word' id='word_1_59' title='bbox 43 1049 145 1110; x_wconf 79' lang='lat' dir='ltr'>libris</span> <span class='ocrx_word' id='word_1_60' title='bbox 156 1052 319 1112; x_wconf 82' lang='lat' dir='ltr'>secundum</span> <span class='ocrx_word' id='word_1_61' title='bbox 333 1073 421 1130; x_wconf 87' lang='lat' dir='ltr'>opera</span> <span class='ocrx_word' id='word_1_62' title='bbox 433 1053 596 1132; x_wconf 82' lang='lat' dir='ltr'>ipsorum.”</span> <span class='ocrx_word' id='word_1_63' title='bbox 637 1056 678 1116; x_wconf 76' lang='lat'>3⁰.</span> <span class='ocrx_word' id='word_1_64' title='bbox 700 1055 848 1134; x_wconf 82' lang='lat' dir='ltr'>Quicquid</span> <span class='ocrx_word' id='word_1_65' title='bbox 861 1055 970 1116; x_wconf 89' lang='lat' dir='ltr'>dicitur</span> <span class='ocrx_word' id='word_1_66' title='bbox 983 1056 1019 1116; x_wconf 89' lang='lat' dir='ltr'>de</span> 
     </span>
     <span class='ocr_line' id='line_1_8' title="bbox 46 1151 1017 1232; baseline 0.005 -22"><span class='ocrx_word' id='word_1_67' title='bbox 46 1151 258 1228; x_wconf 85' lang='lat' dir='ltr'>imputatione</span> <span class='ocrx_word' id='word_1_68' title='bbox 271 1157 323 1213; x_wconf 90' lang='lat' dir='ltr'>aut</span> <span class='ocrx_word' id='word_1_69' title='bbox 335 1173 395 1214; x_wconf 90' lang='lat' dir='ltr'>non</span> <span class='ocrx_word' id='word_1_70' title='bbox 403 1155 595 1232; x_wconf 87' lang='lat' dir='ltr'>imputatione</span> <span class='ocrx_word' id='word_1_71' title='bbox 602 1155 679 1216; x_wconf 90' lang='lat' dir='ltr'>inter</span> <span class='ocrx_word' id='word_1_72' title='bbox 691 1156 834 1231; x_wconf 79' lang='lat' dir='ltr'>homines,</span> <span class='ocrx_word' id='word_1_73' title='bbox 847 1175 913 1216; x_wconf 91' lang='lat' dir='ltr'>cum</span> <span class='ocrx_word' id='word_1_74' title='bbox 926 1157 1017 1231; x_wconf 83' lang='lat' dir='ltr'>Dauo,</span> 
     </span>
     <span class='ocr_line' id='line_1_9' title="bbox 47 1251 1018 1336; baseline 0.006 -26"><span class='ocrx_word' id='word_1_75' title='bbox 47 1251 181 1312; x_wconf 79' lang='lat' dir='ltr'>infinite</span> <span class='ocrx_word' id='word_1_76' title='bbox 195 1251 319 1330; x_wconf 79' lang='lat' dir='ltr'>sapiens,</span> <span class='ocrx_word' id='word_1_77' title='bbox 338 1260 447 1331; x_wconf 83' lang='lat' dir='ltr'>potone·</span> <span class='ocrx_word' id='word_1_78' title='bbox 455 1259 485 1315; x_wconf 88' lang='lat' dir='ltr'>et</span> <span class='ocrx_word' id='word_1_79' title='bbox 497 1275 598 1327; x_wconf 82' lang='lat' dir='ltr'>verax,</span> <span class='ocrx_word' id='word_1_80' title='bbox 623 1256 696 1317; x_wconf 83' lang='lat' dir='ltr'>dicit</span> <span class='ocrx_word' id='word_1_81' title='bbox 709 1277 740 1318; x_wconf 87' lang='lat' dir='ltr'>oc</span> <span class='ocrx_word' id='word_1_82' title='bbox 752 1276 811 1316; x_wconf 89' lang='lat' dir='ltr'>uon</span> <span class='ocrx_word' id='word_1_83' title='bbox 824 1257 951 1336; x_wconf 80' lang='lat' dir='ltr'>amplius</span> <span class='ocrx_word' id='word_1_84' title='bbox 963 1255 1018 1316; x_wconf 89' lang='lat' dir='ltr'>im·</span> 
     </span>
     <span class='ocr_line' id='line_1_10' title="bbox 50 1354 1019 1437; baseline 0.006 -27"><span class='ocrx_word' id='word_1_85' title='bbox 50 1357 169 1429; x_wconf 87' lang='lat' dir='ltr'>putare</span> <span class='ocrx_word' id='word_1_86' title='bbox 193 1359 344 1430; x_wconf 88' lang='lat' dir='ltr'>peccatum</span> <span class='ocrx_word' id='word_1_87' title='bbox 367 1354 537 1431; x_wconf 76' lang='lat' dir='ltr'>admissum,</span> <span class='ocrx_word' id='word_1_88' title='bbox 559 1375 593 1416; x_wconf 91' lang='lat' dir='ltr'>eo</span> <span class='ocrx_word' id='word_1_89' title='bbox 616 1355 679 1435; x_wconf 79' lang='lat' dir='ltr'>ipro</span> <span class='ocrx_word' id='word_1_90' title='bbox 703 1355 849 1434; x_wconf 76' lang='lat' dir='ltr'>significat</span> <span class='ocrx_word' id='word_1_91' title='bbox 867 1365 1019 1437; x_wconf 86' lang='lat' dir='ltr'>peccatum</span> 
     </span>
     <span class='ocr_line' id='line_1_11' title="bbox 51 1458 530 1521; baseline 0.006 -4"><span class='ocrx_word' id='word_1_92' title='bbox 51 1475 133 1517; x_wconf 82' lang='lat' dir='ltr'>vere</span> <span class='ocrx_word' id='word_1_93' title='bbox 146 1461 178 1517; x_wconf 90' lang='lat' dir='ltr'>et</span> <span class='ocrx_word' id='word_1_94' title='bbox 190 1458 306 1516; x_wconf 90' lang='lat' dir='ltr'>omnino</span> <span class='ocrx_word' id='word_1_95' title='bbox 320 1459 447 1519; x_wconf 87' lang='lat' dir='ltr'>deletum</span> <span class='ocrx_word' id='word_1_96' title='bbox 460 1479 530 1521; x_wconf 83' lang='lat' dir='ltr'>ease.</span> 
     </span>
    </p>

    <p class='ocr_par' dir='ltr' id='par_1_3' title="bbox 58 1558 1021 1921">
     <span class='ocr_line' id='line_1_12' title="bbox 106 1558 1020 1645; baseline -0.001 -25"><span class='ocrx_word' id='word_1_97' title='bbox 106 1560 157 1620; x_wconf 79' lang='lat'>75.</span> <span class='ocrx_word' id='word_1_98' title='bbox 181 1558 266 1628; x_wconf 84' lang='lat' dir='ltr'>Quod</span> <span class='ocrx_word' id='word_1_99' title='bbox 289 1558 397 1619; x_wconf 78' lang='lat' dir='ltr'>attinet</span> <span class='ocrx_word' id='word_1_100' title='bbox 409 1560 446 1618; x_wconf 89' lang='lat' dir='ltr'>ad</span> <span class='ocrx_word' id='word_1_101' title='bbox 458 1559 706 1645; x_wconf 83' lang='lat' dir='ltr'>confirmationem</span> <span class='ocrx_word' id='word_1_102' title='bbox 719 1580 756 1622; x_wconf 87' lang='lat' dir='ltr'>ex</span> <span class='ocrx_word' id='word_1_103' title='bbox 773 1564 787 1621; x_wconf 95' lang='lat' dir='ltr'><strong>l</strong></span> <span class='ocrx_word' id='word_1_104' title='bbox 803 1560 868 1622; x_wconf 77' lang='lat' dir='ltr'>Cor.</span> <span class='ocrx_word' id='word_1_105' title='bbox 881 1579 911 1621; x_wconf 84' lang='lat' dir='ltr'>r.</span> <span class='ocrx_word' id='word_1_106' title='bbox 929 1563 965 1620; x_wconf 83' lang='lat'>19</span> <span class='ocrx_word' id='word_1_107' title='bbox 976 1558 1020 1639; x_wconf 84' lang='lat' dir='ltr'>(n.</span> 
     </span>
     <span class='ocr_line' id='line_1_13' title="bbox 58 1658 1021 1740; baseline 0.003 -24"><span class='ocrx_word' id='word_1_108' title='bbox 58 1658 129 1736; x_wconf 87' lang='lat'><strong>69),</strong></span> <span class='ocrx_word' id='word_1_109' title='bbox 151 1677 188 1717; x_wconf 87' lang='lat' dir='ltr'>ex</span> <span class='ocrx_word' id='word_1_110' title='bbox 206 1659 270 1735; x_wconf 88' lang='lat' dir='ltr'>jam</span> <span class='ocrx_word' id='word_1_111' title='bbox 293 1658 388 1732; x_wconf 82' lang='lat' dir='ltr'>dictio,</span> <span class='ocrx_word' id='word_1_112' title='bbox 414 1659 491 1718; x_wconf 90' lang='lat' dir='ltr'>nihii</span> <span class='ocrx_word' id='word_1_113' title='bbox 512 1665 566 1722; x_wconf 84' lang='lat' dir='ltr'>est.</span> <span class='ocrx_word' id='word_1_114' title='bbox 607 1662 743 1740; x_wconf 81' lang='lat' dir='ltr'>Insuper,</span> <span class='ocrx_word' id='word_1_115' title='bbox 764 1659 970 1734; x_wconf 76' lang='lat' dir='ltr'>reconciliatio,</span> <span class='ocrx_word' id='word_1_116' title='bbox 984 1661 1021 1720; x_wconf 85' lang='lat' dir='ltr'>de</span> 
     </span>
     <span class='ocr_line' id='line_1_14' title="bbox 58 1759 1020 1840; baseline 0.003 -24"><span class='ocrx_word' id='word_1_117' title='bbox 58 1779 127 1836; x_wconf 86' lang='lat' dir='ltr'>qua</span> <span class='ocrx_word' id='word_1_118' title='bbox 140 1759 250 1819; x_wconf 90' lang='lat' dir='ltr'>mentio</span> <span class='ocrx_word' id='word_1_119' title='bbox 265 1759 346 1820; x_wconf 85' lang='lat' dir='ltr'>fitia</span> <span class='ocrx_word' id='word_1_120' title='bbox 365 1765 453 1821; x_wconf 87' lang='lat' dir='ltr'>textu</span> <span class='ocrx_word' id='word_1_121' title='bbox 466 1766 497 1821; x_wconf 91' lang='lat' dir='ltr'>et</span> <span class='ocrx_word' id='word_1_122' title='bbox 518 1761 589 1821; x_wconf 90' lang='lat' dir='ltr'>alibi</span> <span class='ocrx_word' id='word_1_123' title='bbox 608 1761 641 1821; x_wconf 93' lang='lat' dir='ltr'>in</span> <span class='ocrx_word' id='word_1_124' title='bbox 661 1763 763 1823; x_wconf 88' lang='lat' dir='ltr'>ecdem</span> <span class='ocrx_word' id='word_1_125' title='bbox 775 1762 880 1840; x_wconf 88' lang='lat' dir='ltr'>capite,</span> <span class='ocrx_word' id='word_1_126' title='bbox 894 1759 1020 1823; x_wconf 81' lang='lat' dir='ltr'>reconci-</span> 
     </span>
     <span class='ocr_line' id='line_1_15' title="bbox 58 1858 602 1921; baseline 0.006 -3"><span class='ocrx_word' id='word_1_127' title='bbox 58 1858 272 1920; x_wconf 85' lang='lat' dir='ltr'>liuticveraet</span> <span class='ocrx_word' id='word_1_128' title='bbox 285 1861 402 1920; x_wconf 85' lang='lat' dir='ltr'>interna</span> <span class='ocrx_word' id='word_1_129' title='bbox 415 1867 467 1921; x_wconf 84' lang='lat' dir='ltr'>eat.</span> <span class='ocrx_word' id='word_1_130' title='bbox 600 1865 602 1871; x_wconf 80' lang='grc'>’</span> 
     </span>
    </p>

    <p class='ocr_par' dir='ltr' id='par_1_4' title="bbox 64 1958 1021 2542">
     <span class='ocr_line' id='line_1_16' title="bbox 109 1958 1020 2041; baseline 0.003 -23"><span class='ocrx_word' id='word_1_131' title='bbox 109 1958 157 2018; x_wconf 86' lang='grc'>76.</span> <span class='ocrx_word' id='word_1_132' title='bbox 184 1959 286 2037; x_wconf 66' lang='lat' dir='ltr'>Ob&#39;cct.</span> <span class='ocrx_word' id='word_1_133' title='bbox 313 1965 342 2021; x_wconf 84' lang='lat'>2.</span> <span class='ocrx_word' id='word_1_134' title='bbox 373 1961 529 2022; x_wconf 84' lang='lat' dir='ltr'>Peccatum</span> <span class='ocrx_word' id='word_1_135' title='bbox 551 1963 651 2023; x_wconf 88' lang='lat' dir='ltr'>manet</span> <span class='ocrx_word' id='word_1_136' title='bbox 672 1960 704 2022; x_wconf 93' lang='lat' dir='ltr'>in</span> <span class='ocrx_word' id='word_1_137' title='bbox 722 1960 901 2041; x_wconf 80' lang='lat' dir='ltr'>justificatio.</span> <span class='ocrx_word' id='word_1_138' title='bbox 940 1961 1020 2038; x_wconf 76' lang='lat' dir='ltr'>Ergo</span> 
     </span>
     <span class='ocr_line' id='line_1_17' title="bbox 64 2060 1020 2142; baseline 0.003 -22"><span class='ocrx_word' id='word_1_139' title='bbox 64 2079 129 2120; x_wconf 93' lang='lat' dir='ltr'>non</span> <span class='ocrx_word' id='word_1_140' title='bbox 150 2060 313 2120; x_wconf 85' lang='lat' dir='ltr'>remittitur</span> <span class='ocrx_word' id='word_1_141' title='bbox 335 2080 403 2120; x_wconf 87' lang='lat' dir='ltr'>vere</span> <span class='ocrx_word' id='word_1_142' title='bbox 427 2062 476 2121; x_wconf 82' lang='lat' dir='ltr'>aed</span> <span class='ocrx_word' id='word_1_143' title='bbox 500 2066 617 2122; x_wconf 91' lang='lat' dir='ltr'>tantum</span> <span class='ocrx_word' id='word_1_144' title='bbox 636 2081 689 2140; x_wconf 88' lang='lat' dir='ltr'>per</span> <span class='ocrx_word' id='word_1_145' title='bbox 714 2060 1020 2142; x_wconf 86' lang='lat' dir='ltr'>non-imputationem.</span> 
     </span>
     <span class='ocr_line' id='line_1_18' title="bbox 66 2161 1021 2240; baseline 0 -19"><span class='ocrx_word' id='word_1_146' title='bbox 66 2161 253 2230; x_wconf 86' lang='lat' dir='ltr'>Antecedana</span> <span class='ocrx_word' id='word_1_147' title='bbox 276 2161 424 2238; x_wconf 88' lang='lat' dir='ltr'>probatur,</span> <span class='ocrx_word' id='word_1_148' title='bbox 447 2161 530 2221; x_wconf 86' lang='lat' dir='ltr'>Rom.</span> <span class='ocrx_word' id='word_1_149' title='bbox 556 2181 585 2221; x_wconf 84' lang='lat' dir='ltr'>r.</span> <span class='ocrx_word' id='word_1_150' title='bbox 613 2166 648 2221; x_wconf 88' lang='grc'>13</span> <span class='ocrx_word' id='word_1_151' title='bbox 665 2167 736 2222; x_wconf 81' lang='lat'>:·-&#39;-“</span> <span class='ocrx_word' id='word_1_152' title='bbox 746 2163 848 2240; x_wconf 85' lang='lat' dir='ltr'>Usque</span> <span class='ocrx_word' id='word_1_153' title='bbox 870 2163 906 2222; x_wconf 91' lang='lat' dir='ltr'>ad</span> <span class='ocrx_word' id='word_1_154' title='bbox 927 2161 1021 2238; x_wconf 76' lang='lat' dir='ltr'>legem</span> 
     </span>
     <span class='ocr_line' id='line_1_19' title="bbox 68 2260 1021 2341; baseline 0 -19"><span class='ocrx_word' id='word_1_155' title='bbox 68 2265 221 2337; x_wconf 85' lang='lat' dir='ltr'>peccatum</span> <span class='ocrx_word' id='word_1_156' title='bbox 245 2264 308 2321; x_wconf 88' lang='lat' dir='ltr'>erat</span> <span class='ocrx_word' id='word_1_157' title='bbox 320 2260 359 2341; x_wconf 74' lang='lat' dir='ltr'>&#39;jn</span> <span class='ocrx_word' id='word_1_158' title='bbox 380 2262 509 2322; x_wconf 87' lang='lat' dir='ltr'>mundo:</span> <span class='ocrx_word' id='word_1_159' title='bbox 532 2265 685 2340; x_wconf 87' lang='lat' dir='ltr'>peccatum</span> <span class='ocrx_word' id='word_1_160' title='bbox 705 2267 804 2323; x_wconf 85' lang='lat' dir='ltr'>autem</span> <span class='ocrx_word' id='word_1_161' title='bbox 822 2281 881 2322; x_wconf 89' lang='lat' dir='ltr'>non</span> <span class='ocrx_word' id='word_1_162' title='bbox 894 2263 1021 2340; x_wconf 83' lang='lat' dir='ltr'>imputa·</span> 
     </span>
     <span class='ocr_line' id='line_1_20' title="bbox 68 2359 1021 2442; baseline 0 -22"><span class='ocrx_word' id='word_1_163' title='bbox 68 2363 167 2434; x_wconf 90' lang='lat' dir='ltr'>batur,</span> <span class='ocrx_word' id='word_1_164' title='bbox 182 2379 248 2420; x_wconf 88' lang='lat' dir='ltr'>cum</span> <span class='ocrx_word' id='word_1_165' title='bbox 271 2360 321 2420; x_wconf 85' lang='lat' dir='ltr'>lex</span> <span class='ocrx_word' id='word_1_166' title='bbox 344 2380 403 2420; x_wconf 90' lang='lat' dir='ltr'>non</span> <span class='ocrx_word' id='word_1_167' title='bbox 424 2365 500 2422; x_wconf 84' lang='lat' dir='ltr'>eoaet</span> <span class='ocrx_word' id='word_1_168' title='bbox 521 2359 589 2442; x_wconf 79' lang='lat' dir='ltr'>[Gr.</span> <span class='ocrx_word' id='word_1_169' title='bbox 611 2364 764 2440; x_wconf 85' lang='lat' dir='ltr'>peccatum</span> <span class='ocrx_word' id='word_1_170' title='bbox 783 2365 881 2422; x_wconf 89' lang='lat' dir='ltr'>autem</span> <span class='ocrx_word' id='word_1_171' title='bbox 894 2361 1021 2422; x_wconf 87' lang='lat' dir='ltr'>nonim-</span> 
     </span>
     <span class='ocr_line' id='line_1_21' title="bbox 69 2460 553 2542; baseline 0 -21"><span class='ocrx_word' id='word_1_172' title='bbox 69 2464 200 2540; x_wconf 86' lang='lat' dir='ltr'>putatur‚</span> <span class='ocrx_word' id='word_1_173' title='bbox 217 2461 282 2538; x_wconf 81' lang='lat' dir='ltr'>lege</span> <span class='ocrx_word' id='word_1_174' title='bbox 292 2479 351 2520; x_wconf 90' lang='lat' dir='ltr'>non</span> <span class='ocrx_word' id='word_1_175' title='bbox 363 2460 553 2542; x_wconf 82' lang='lat' dir='ltr'>exiateuta].&#39;’</span> 
     </span>
    </p>

    <p class='ocr_par' dir='ltr' id='par_1_5' title="bbox 72 2557 1027 3744">
     <span class='ocr_line' id='line_1_22' title="bbox 113 2557 1020 2639; baseline -0.001 -18"><span class='ocrx_word' id='word_1_176' title='bbox 113 2560 158 2622; x_wconf 78' lang='lat'>77.</span> <span class='ocrx_word' id='word_1_177' title='bbox 178 2562 261 2638; x_wconf 77' lang='lat' dir='ltr'>Roap.</span> <span class='ocrx_word' id='word_1_178' title='bbox 282 2561 457 2638; x_wconf 81' lang='lat' dir='ltr'>Distinguo:</span> <span class='ocrx_word' id='word_1_179' title='bbox 480 2561 548 2621; x_wconf 85' lang='lat' dir='ltr'>Non</span> <span class='ocrx_word' id='word_1_180' title='bbox 567 2557 770 2639; x_wconf 78' lang='lat' dir='ltr'>imputabatur</span> <span class='ocrx_word' id='word_1_181' title='bbox 789 2560 826 2622; x_wconf 91' lang='lat' dir='ltr'>ab</span> <span class='ocrx_word' id='word_1_182' title='bbox 844 2559 1020 2634; x_wconf 75' lang='lat' dir='ltr'>hominibus,</span> 
     </span>
     <span class='ocr_line' id='line_1_23' title="bbox 72 2659 1023 2739; baseline 0 -19"><span class='ocrx_word' id='word_1_183' title='bbox 72 2662 109 2722; x_wconf 90' lang='lat' dir='ltr'>ab</span> <span class='ocrx_word' id='word_1_184' title='bbox 132 2659 201 2738; x_wconf 86' lang='lat' dir='ltr'>ipaia</span> <span class='ocrx_word' id='word_1_185' title='bbox 224 2661 420 2739; x_wconf 82' lang='lat' dir='ltr'>peccantibus,</span> <span class='ocrx_word' id='word_1_186' title='bbox 445 2661 466 2720; x_wconf 86' lang='lat' dir='ltr'>i.</span> <span class='ocrx_word' id='word_1_187' title='bbox 479 2681 505 2723; x_wconf 87' lang='lat' dir='ltr'>c.</span> <span class='ocrx_word' id='word_1_188' title='bbox 527 2680 587 2721; x_wconf 91' lang='lat' dir='ltr'>non</span> <span class='ocrx_word' id='word_1_189' title='bbox 613 2660 798 2722; x_wconf 75' lang='lat' dir='ltr'>aetimabant</span> <span class='ocrx_word' id='word_1_190' title='bbox 820 2664 935 2721; x_wconf 85' lang='lat' dir='ltr'>tantam</span> <span class='ocrx_word' id='word_1_191' title='bbox 961 2679 1023 2720; x_wconf 81' lang='lat' dir='ltr'>eoae</span> 
     </span>
     <span class='ocr_line' id='line_1_24' title="bbox 72 2759 1022 2840; baseline -0.003 -19"><span class='ocrx_word' id='word_1_192' title='bbox 72 2759 212 2821; x_wconf 87' lang='lat' dir='ltr'>malitiam</span> <span class='ocrx_word' id='word_1_193' title='bbox 231 2761 352 2839; x_wconf 83' lang='lat' dir='ltr'>peccati,</span> <span class='ocrx_word' id='word_1_194' title='bbox 378 2765 489 2840; x_wconf 85' lang='lat' dir='ltr'>quanto</span> <span class='ocrx_word' id='word_1_195' title='bbox 502 2766 546 2821; x_wconf 85' lang='lat' dir='ltr'>eat</span> <span class='ocrx_word' id='word_1_196' title='bbox 559 2765 590 2821; x_wconf 86' lang='lat' dir='ltr'>at</span> <span class='ocrx_word' id='word_1_197' title='bbox 603 2764 714 2840; x_wconf 84' lang='lat' dir='ltr'>quanta</span> <span class='ocrx_word' id='word_1_198' title='bbox 727 2780 744 2820; x_wconf 91' lang='lat' dir='ltr'>a</span> <span class='ocrx_word' id='word_1_199' title='bbox 756 2761 822 2838; x_wconf 79' lang='lat' dir='ltr'>lege</span> <span class='ocrx_word' id='word_1_200' title='bbox 834 2760 998 2821; x_wconf 82' lang='lat' dir='ltr'>declaratur</span> <span class='ocrx_word' id='word_1_201' title='bbox 1014 2778 1022 2818; x_wconf 90' lang='lat'>:</span> 
     </span>
     <span class='ocr_line' id='line_1_25' title="bbox 77 2857 1023 2940; baseline 0 -20"><span class='ocrx_word' id='word_1_202' title='bbox 77 2861 222 2921; x_wconf 82' lang='lat' dir='ltr'>Concedo:</span> <span class='ocrx_word' id='word_1_203' title='bbox 258 2861 326 2922; x_wconf 87' lang='lat' dir='ltr'>Non</span> <span class='ocrx_word' id='word_1_204' title='bbox 348 2862 586 2940; x_wconf 87' lang='lat' dir='ltr'>imputabatura</span> <span class='ocrx_word' id='word_1_205' title='bbox 611 2862 696 2920; x_wconf 87' lang='lat' dir='ltr'>Deo:</span> <span class='ocrx_word' id='word_1_206' title='bbox 731 2860 824 2937; x_wconf 81' lang='lat' dir='ltr'>Nego.</span> <span class='ocrx_word' id='word_1_207' title='bbox 879 2857 1023 2927; x_wconf 77' lang='lat' dir='ltr'>Quoniam</span> 
     </span>
     <span class='ocr_line' id='line_1_26' title="bbox 78 2959 1025 3039; baseline -0.001 -19"><span class='ocrx_word' id='word_1_208' title='bbox 78 2980 165 3020; x_wconf 78' lang='lat' dir='ltr'>sermo</span> <span class='ocrx_word' id='word_1_209' title='bbox 185 2961 227 3021; x_wconf 89' lang='lat' dir='ltr'>ibi</span> <span class='ocrx_word' id='word_1_210' title='bbox 251 2966 296 3020; x_wconf 81' lang='lat' dir='ltr'>eat</span> <span class='ocrx_word' id='word_1_211' title='bbox 320 2962 355 3020; x_wconf 90' lang='lat' dir='ltr'>de</span> <span class='ocrx_word' id='word_1_212' title='bbox 376 2967 494 3039; x_wconf 87' lang='lat' dir='ltr'>peccato</span> <span class='ocrx_word' id='word_1_213' title='bbox 514 2981 573 3020; x_wconf 91' lang='lat' dir='ltr'>non</span> <span class='ocrx_word' id='word_1_214' title='bbox 595 2963 722 3035; x_wconf 78' lang='lat' dir='ltr'>remisso,</span> <span class='ocrx_word' id='word_1_215' title='bbox 739 2965 791 3020; x_wconf 90' lang='lat' dir='ltr'>aut</span> <span class='ocrx_word' id='word_1_216' title='bbox 803 2959 906 3020; x_wconf 77' lang='lat' dir='ltr'>saltem</span> <span class='ocrx_word' id='word_1_217' title='bbox 920 2964 953 3019; x_wconf 75' lang='lat' dir='ltr'>ut</span> <span class='ocrx_word' id='word_1_218' title='bbox 966 2978 1025 3019; x_wconf 92' lang='lat' dir='ltr'>non</span> 
     </span>
     <span class='ocr_line' id='line_1_27' title="bbox 77 3059 1026 3140; baseline -0.002 -20"><span class='ocrx_word' id='word_1_219' title='bbox 77 3061 199 3137; x_wconf 79' lang='lat' dir='ltr'>remisso,</span> <span class='ocrx_word' id='word_1_220' title='bbox 226 3062 284 3122; x_wconf 87' lang='lat' dir='ltr'>dici</span> <span class='ocrx_word' id='word_1_221' title='bbox 306 3081 365 3122; x_wconf 89' lang='lat' dir='ltr'>non</span> <span class='ocrx_word' id='word_1_222' title='bbox 384 3068 478 3140; x_wconf 77' lang='lat' dir='ltr'>potest</span> <span class='ocrx_word' id='word_1_223' title='bbox 490 3061 531 3140; x_wconf 61' lang='lat' dir='ltr'>,id</span> <span class='ocrx_word' id='word_1_224' title='bbox 549 3081 567 3120; x_wconf 92' lang='lat' dir='ltr'>a</span> <span class='ocrx_word' id='word_1_225' title='bbox 589 3061 652 3120; x_wconf 88' lang='lat' dir='ltr'>Deo</span> <span class='ocrx_word' id='word_1_226' title='bbox 669 3079 729 3120; x_wconf 89' lang='lat' dir='ltr'>non</span> <span class='ocrx_word' id='word_1_227' title='bbox 748 3060 899 3138; x_wconf 76' lang='lat' dir='ltr'>imputari.</span> <span class='ocrx_word' id='word_1_228' title='bbox 939 3059 1026 3127; x_wconf 85' lang='lat' dir='ltr'>Quod</span> 
     </span>
     <span class='ocr_line' id='line_1_28' title="bbox 80 3157 1025 3239; baseline -0.004 -17"><span class='ocrx_word' id='word_1_229' title='bbox 80 3161 182 3223; x_wconf 86' lang='lat' dir='ltr'>attinet</span> <span class='ocrx_word' id='word_1_230' title='bbox 194 3163 229 3222; x_wconf 87' lang='lat' dir='ltr'>ad</span> <span class='ocrx_word' id='word_1_231' title='bbox 244 3163 328 3224; x_wconf 86' lang='lat' dir='ltr'>Rom.</span> <span class='ocrx_word' id='word_1_232' title='bbox 343 3161 396 3223; x_wconf 81' lang='lat' dir='ltr'>vii.</span> <span class='ocrx_word' id='word_1_233' title='bbox 409 3163 455 3234; x_wconf 81' lang='lat'>17,</span> <span class='ocrx_word' id='word_1_234' title='bbox 469 3161 521 3221; x_wconf 91' lang='lat' dir='ltr'>ubi</span> <span class='ocrx_word' id='word_1_235' title='bbox 544 3160 654 3221; x_wconf 83' lang='lat' dir='ltr'>dicitur</span> <span class='ocrx_word' id='word_1_236' title='bbox 673 3164 827 3239; x_wconf 85' lang='lat' dir='ltr'>paccatum</span> <span class='ocrx_word' id='word_1_237' title='bbox 848 3157 980 3220; x_wconf 83' lang='lat' dir='ltr'>habitare</span> <span class='ocrx_word' id='word_1_238' title='bbox 992 3158 1025 3218; x_wconf 88' lang='lat' dir='ltr'>in</span> 
     </span>
     <span class='ocr_line' id='line_1_29' title="bbox 80 3258 1027 3342; baseline -0.003 -21"><span class='ocrx_word' id='word_1_239' title='bbox 80 3263 189 3322; x_wconf 90' lang='lat' dir='ltr'>homine</span> <span class='ocrx_word' id='word_1_240' title='bbox 206 3263 296 3342; x_wconf 81' lang='lat' dir='ltr'>justo,</span> <span class='ocrx_word' id='word_1_241' title='bbox 323 3263 429 3322; x_wconf 81' lang='lat' dir='ltr'>sufficit</span> <span class='ocrx_word' id='word_1_242' title='bbox 450 3266 551 3322; x_wconf 84' lang='lat' dir='ltr'>notare</span> <span class='ocrx_word' id='word_1_243' title='bbox 573 3281 626 3339; x_wconf 92' lang='lat' dir='ltr'>per</span> <span class='ocrx_word' id='word_1_244' title='bbox 648 3265 800 3338; x_wconf 89' lang='lat' dir='ltr'>peccatum</span> <span class='ocrx_word' id='word_1_245' title='bbox 821 3258 874 3333; x_wconf 89' lang='lat' dir='ltr'>ibi,</span> <span class='ocrx_word' id='word_1_246' title='bbox 899 3258 976 3320; x_wconf 76' lang='lat' dir='ltr'>sicut</span> <span class='ocrx_word' id='word_1_247' title='bbox 996 3261 1027 3319; x_wconf 88' lang='lat' dir='ltr'>et</span> 
     </span>
     <span class='ocr_line' id='line_1_30' title="bbox 81 3357 1026 3441; baseline -0.005 -18"><span class='ocrx_word' id='word_1_248' title='bbox 81 3362 541 3441; x_wconf 65' lang='lat' dir='ltr'>vera.14,nonsiguificariipsum</span> <span class='ocrx_word' id='word_1_249' title='bbox 549 3357 1026 3441; x_wconf 80' lang='lat' dir='ltr'>peccatumfcrmaleaediomitem</span> 
     </span>
     <span class='ocr_line' id='line_1_31' title="bbox 81 3459 1026 3541; baseline -0.005 -17"><span class='ocrx_word' id='word_1_250' title='bbox 81 3463 184 3540; x_wconf 87' lang='lat' dir='ltr'>peccati</span> <span class='ocrx_word' id='word_1_251' title='bbox 194 3483 245 3523; x_wconf 80' lang='lat' dir='ltr'>eeu</span> <span class='ocrx_word' id='word_1_252' title='bbox 254 3463 524 3541; x_wconf 78' lang='lat' dir='ltr'>concupiscentiam,</span> <span class='ocrx_word' id='word_1_253' title='bbox 536 3480 613 3540; x_wconf 85' lang='lat' dir='ltr'>quae,</span> <span class='ocrx_word' id='word_1_254' title='bbox 624 3459 769 3522; x_wconf 89' lang='lat' dir='ltr'>communi</span> <span class='ocrx_word' id='word_1_255' title='bbox 777 3465 868 3538; x_wconf 88' lang='lat' dir='ltr'>tropo,</span> <span class='ocrx_word' id='word_1_256' title='bbox 875 3461 1026 3538; x_wconf 86' lang='lat' dir='ltr'>peccatum</span> 
     </span>
     <span class='ocr_line' id='line_1_32' title="bbox 82 3558 1026 3642; baseline -0.002 -20"><span class='ocrx_word' id='word_1_257' title='bbox 82 3567 202 3637; x_wconf 85' lang='lat' dir='ltr'>vocatur,</span> <span class='ocrx_word' id='word_1_258' title='bbox 217 3562 288 3642; x_wconf 90' lang='lat' dir='ltr'>quia</span> <span class='ocrx_word' id='word_1_259' title='bbox 300 3563 404 3623; x_wconf 88' lang='lat' dir='ltr'>incitat</span> <span class='ocrx_word' id='word_1_260' title='bbox 427 3561 464 3622; x_wconf 82' lang='lat' dir='ltr'>od</span> <span class='ocrx_word' id='word_1_261' title='bbox 484 3566 647 3642; x_wconf 87' lang='lat' dir='ltr'>peccatum,</span> <span class='ocrx_word' id='word_1_262' title='bbox 661 3571 692 3622; x_wconf 86' lang='lat' dir='ltr'>et</span> <span class='ocrx_word' id='word_1_263' title='bbox 704 3559 737 3622; x_wconf 88' lang='lat' dir='ltr'>iu</span> <span class='ocrx_word' id='word_1_264' title='bbox 755 3559 839 3621; x_wconf 83' lang='lat' dir='ltr'>nobie</span> <span class='ocrx_word' id='word_1_265' title='bbox 848 3564 894 3622; x_wconf 84' lang='lat' dir='ltr'>eat</span> <span class='ocrx_word' id='word_1_266' title='bbox 906 3558 1026 3621; x_wconf 77' lang='lat' dir='ltr'>effectur</span> 
     </span>
     <span class='ocr_line' id='line_1_33' title="bbox 83 3661 651 3744; baseline -0.004 -18"><span class='ocrx_word' id='word_1_267' title='bbox 83 3666 112 3726; x_wconf 89' lang='lat' dir='ltr'>et</span> <span class='ocrx_word' id='word_1_268' title='bbox 121 3681 209 3743; x_wconf 87' lang='lat' dir='ltr'>poena</span> <span class='ocrx_word' id='word_1_269' title='bbox 220 3663 333 3744; x_wconf 84' lang='lat' dir='ltr'>peccati</span> <span class='ocrx_word' id='word_1_270' title='bbox 345 3666 382 3725; x_wconf 92' lang='lat' dir='ltr'>ab</span> <span class='ocrx_word' id='word_1_271' title='bbox 390 3664 503 3726; x_wconf 77' lang='lat' dir='ltr'>Adamo</span> <span class='ocrx_word' id='word_1_272' title='bbox 516 3661 651 3724; x_wconf 74' lang='lat' dir='ltr'>dofivat‘a</span> 
     </span>
    </p>
   </div>
   <div class='ocr_carea' id='block_1_3' title="bbox 0 0 1227 4292">
    <p class='ocr_par' dir='ltr' id='par_1_6' title="bbox 0 0 1227 4292">
     <span class='ocr_line' id='line_1_34' title="bbox 0 0 1227 4292; baseline 0 0"><span class='ocrx_word' id='word_1_273' title='bbox 0 0 1227 4292; x_wconf 95' lang='lat' dir='ltr'> </span> 
     </span>
    </p>
   </div>
  </div>
 </body>
</html>
