2410 4314
89 389 250 474 n1sr.11.]
308 389 363 454 Dc
378 389 526 456 Statc'bus
540 390 712 457 Humane
726 391 881 459 Natura.
1005 415 1041 480 ις

88 553 323 632 supernaturalis
342 553 448 617 amoris
465 555 532 630 Dei,
554 559 584 618 et
603 556 640 618 ad
661 557 723 620 haec
741 557 890 638 implenda
909 559 1044 622 conceda·
1069 598 1072 606 ·

86 655 197 714 rantur
210 654 324 715 auxilia
337 655 580 734 supernaturalia.

132 758 161 812 3.
183 753 284 815 Status
306 755 460 834 utriusque
482 760 512 818 et
534 756 676 818 naturalis
698 760 728 818 ct
751 757 981 836 supernaturalis
1001 759 1044 820 di-

85 873 180 916 versa
194 874 255 916 esse
275 862 397 936 possunt
410 857 527 937 species,
549 859 708 918 secundum
726 857 869 920 diversam
889 858 1000 939 copiam
1014 865 1045 924 et

86 953 308 1034 dispositionem
328 957 497 1033 mediorum,
520 977 585 1036 quac
608 956 641 1018 in
662 957 803 1019 alterutro
827 963 906 1020 statu
926 960 962 1020 ad
975 980 1041 1040 pro-

85 1055 187 1132 prium
201 1055 287 1116 finem
302 1058 513 1136 assequendum
527 1057 761 1120 concederentur.

128 1161 157 1216 4.
178 1157 278 1218 Status
291 1161 401 1218 natura
423 1178 491 1235 ergo
510 1178 570 1218 esse
591 1161 688 1236 potest
702 1158 750 1219 vel
765 1177 850 1235 parca
867 1163 979 1218 naturae
993 1158 1042 1218 vel

84 1259 199 1316 nature
221 1255 406 1335 amplificata.
449 1257 551 1318 Status
575 1263 687 1325 naturae
708 1275 787 1334 purae
808 1257 834 1317 is
854 1260 898 1318 est
918 1255 979 1336 qui,
1002 1275 1041 1317 ex

84 1354 178 1416 altera
188 1360 279 1434 parte,
296 1377 329 1416 ea
342 1356 440 1417 omnia
458 1357 549 1419 hahet
563 1376 628 1435 quae
646 1355 701 1417 tali
718 1361 830 1418 naturae
849 1357 991 1417 debentur
1005 1359 1040 1416 at

84 1455 125 1516 sit
139 1455 227 1528 talis3
249 1475 286 1518 ex
301 1457 394 1517 altera
407 1477 475 1518 vero
488 1461 580 1536 parte,
596 1457 672 1516 nihil
684 1457 763 1517 ultra
776 1456 848 1530 haec,
866 1476 917 1518 seu
931 1457 1039 1517 bonum

84 1575 135 1616 seu
158 1555 277 1630 malum,
295 1555 391 1618 habet.
433 1557 547 1617 Natura
562 1576 636 1636 pura
649 1559 694 1618 est
707 1574 775 1617 rere
789 1559 903 1630 natura,
923 1560 953 1617 et
963 1555 1039 1616 nihil

84 1655 222 1736 amplius.
990 1721 992 1728 ¹

126 1761 154 1814 5.
175 1755 290 1817 Natura
310 1775 378 1833 crgo
393 1755 523 1816 humana
543 1774 616 1833 pura
636 1774 684 1816 eas
697 1773 796 1814 omnes
808 1753 897 1814 habet
909 1753 1035 1833 proprie·

84 1858 162 1916 tates
189 1869 219 1916 et
241 1856 403 1928 facultates
433 1876 498 1934 quae
526 1857 561 1916 ad
587 1856 673 1915 iatam
698 1860 833 1915 naturam
859 1853 1037 1914 efficiendam

83 1953 304 2029 desiderantur;
333 1957 399 2018 aliis
422 1963 522 2018 autem
545 1954 770 2034 proprietatibus
797 1958 827 2014 et
847 1953 1037 2016 facultatibus

70 2073 202 2132 ¹prorsus
215 2062 302 2116 caret.
330 2058 378 2116 Ex
386 2075 445 2116 una
453 2064 535 2135 parte
546 2055 640 2136 igitur
654 2074 757 2134 corpus
767 2054 1035 2128 habethumanum‚

84 2153 210 2216 animam
231 2154 410 2230 rationalem,
425 2159 475 2216 dc.
517 2157 564 2214 Ex
586 2155 757 2216 alteravero
780 2159 872 2232 parte,
895 2153 935 2226 1⁰,
958 2159 1036 2215 caret

83 2260 208 2332 peccato,
233 2257 277 2331 0⁰,
307 2261 385 2318 caret
410 2255 490 2318 omni
513 2254 607 2334 gratia
632 2253 776 2316 habituali
794 2259 824 2315 et
847 2253 963 2330 actuali,
988 2255 1032 2328 30,

83 2355 194 2416 auxilia
207 2355 245 2416 ad
257 2356 346 2418 finem
360 2375 448 2418 suum
463 2356 675 2435 assequendum
692 2373 764 2435 pura
777 2354 922 2415 naturalia
934 2351 1031 2429 habet,

84 2455 126 2528 4⁰,
152 2460 182 2517 et
204 2456 269 2517 haec
289 2475 368 2517 mere
394 2455 710 2518 sufficientia-saltem
734 2475 767 2516 eo
793 2473 879 2516 seusu
900 2473 958 2533 quo
978 2453 1033 2514 hoc

83 2556 253 2617 vocabulum
263 2555 417 2618 adhibetur
427 2557 575 2618 ablenus
586 2555 630 2636 (d.
642 2561 668 2630 8,
679 2575 709 2615 n.
723 2554 860 2633 89,dre.):
876 2551 1033 2614 Themista

83 2675 149 2716 vero
175 2657 277 2717 dicunt
296 2657 408 2717 auxilia
429 2655 602 2718 sufficientia
627 2655 799 2736 (seeundum
823 2672 921 2714 eorum
947 2671 1033 2713 usum

83 2755 177 2835 verbi)
200 2755 324 2817 omnibis
346 2755 419 2831 dari,
438 2755 563 2818 efficacia
586 2755 768 2835 quibusdam.
822 2752 953 2831 “Neque
976 2749 1033 2812 ista

83 2852 194 2913 auxilia
211 2852 298 2914 etiam
319 2852 442 2914 efficacia
470 2853 540 2913 huic
567 2852 658 2913 statui
681 2851 869 2928 derogarent;
899 2847 1045 2927 quamuis*

84 2954 158 3012 enim
184 2952 305 3014 cuilibet
334 2952 424 3030 hujus
447 2957 560 3014 naturae
592 2951 744 3012 individuo
766 2969 824 3010 non
847 2949 1029 3022 deberentur,

83 3052 177 3112 forent
190 3057 287 3114 tamen
301 3053 398 3114 debita
413 3052 519 3132 speciei
530 3057 650 3127 naturae,
666 3071 755 3129 caque
769 3067 828 3110 suae
841 3047 1031 3128 providentiae

83 3151 197 3214 deberet
210 3153 298 3228 Deus,
314 3173 351 3214 ne
363 3154 471 3214 fmstra
484 3158 617 3214 naturam
638 3153 674 3214 ad
691 3153 817 3232 aliquem
831 3153 919 3213 finem
933 3149 1031 3212 condi·

83 3253 605 3332 disset,sinullumejusindiriduum
615 3253 788 3314 huncfinem
799 3249 1028 3330 assequeretur.'”

83 3352 281 3422 Brmusnr,d.
300 3358 328 3427 2,
345 3357 413 3426 al,
431 3354 485 3434 §h
526 3354 566 3414 Et
579 3350 620 3428 50,
637 3352 716 3426 fami,
728 3352 787 3422 siti,
797 3354 897 3413 morbo
911 3349 1028 3430 ceteris·
1056 3362 1060 3372 ¹

83 3471 137 3531 quo
149 3452 240 3530 hujus
253 3453 321 3514 vitae
335 3453 459 3514 miseriis
473 3453 674 3532 subjiceretur,
690 3451 730 3525 60,
747 3456 777 3513 et
790 3450 1028 3529 concupiscentiae

82 3557 110 3612 et
131 3552 309 3630 ignorantiae,
336 3559 366 3614 et
388 3553 430 3627 70,
456 3553 584 3614 mortalis
597 3555 680 3613 esset.
722 3551 819 3625 Ratio,
835 3551 912 3630 quod
925 3549 1031 3610 attinet

83 3652 118 3711 nd
146 3651 363 3713 immunitatem
384 3671 402 3711 a
427 3655 553 3730 peccato,
577 3656 671 3731 patet;
697 3653 849 3730 peccatum
881 3648 960 3710 enim
986 3651 1030 3708 est
