2402 4292
64 414 172 462 mer.
189 393 254 482 ln]
321 393 378 460 Dr
391 395 530 462 Natura
544 399 577 462 et
598 395 644 464 Vi
658 395 752 464 Grut.
768 398 883 466 Hobz't
974 422 1037 486 299

67 562 190 624 animae
204 563 282 622 reota
295 563 325 624 et
338 563 667 644 oonfinuaffirerunrorr
678 566 756 644 apud
770 568 914 644 Veseunz,
929 568 957 630 d.
970 571 1038 646 203,

66 682 110 723 n.
130 662 192 738 21).

124 761 173 822 ¹⁵7.
201 761 342 831 Queriiur
355 781 434 824 nuno
453 763 493 826 10.
514 764 656 825 Utrouam
677 765 799 826 existis
820 766 932 828 duobus
944 768 1038 829 modio

68 861 228 922 inhaereat
240 861 334 938 gratia
353 863 560 925 eanotitioane?
600 865 683 942 Reep.
702 865 742 926 1⁰.
765 866 893 933 Quaestio
914 887 973 926 non
994 872 1039 930 est

70 963 120 1021 de
134 961 327 1039 possibilitate
342 985 349 1023 :
374 965 469 1022 Deum
483 963 560 1023 enim
573 983 657 1042 poese
678 966 771 1026 faeere
785 970 820 1025 ut
833 966 927 1044 gretie
950 967 1037 1028 elter-

70 1065 152 1122 utro
165 1063 250 1122 modo
262 1062 366 1124 animm
378 1061 517 1124 inherent
528 1066 558 1124 et
571 1063 603 1124 in
616 1084 650 1124 ea
662 1059 838 1144 permaneat
850 1065 1036 1127 menifestum

70 1165 138 1222 est.
181 1161 310 1230 Qumetio
324 1164 369 1224 eet
381 1164 496 1223 tontum
517 1164 660 1241 quomodo
674 1165 710 1224 de
723 1164 799 1225 farto
813 1172 843 1226 et
856 1164 888 1224 in
901 1166 1039 1244 praesenti

71 1260 186 1322 ordine
198 1261 230 1322 id
243 1260 304 1322 flat.
346 1261 389 1322 2⁰.
410 1261 476 1322 Etsi
489 1263 603 1324 Suenm
617 1263 651 1341 (1.
667 1267 694 1337 6,
710 1282 735 1323 o.
748 1268 776 1334 3,
791 1283 822 1325 n.
837 1265 880 1340 6),
892 1283 958 1324 oum
972 1265 1039 1326 aliie

71 1360 196 1440 pauoie,
211 1361 326 1422 oeneeet
338 1361 449 1422 esee'de
462 1362 529 1436 fide,
544 1365 609 1440 poet
630 1363 717 1422 Cone.
738 1361 941 1422 Tridentinum
956 1364 1035 1444 (oon-

77 1463 166 1524 oedit
178 1463 265 1536 enim,
281 1482 311 1524 n.
328 1467 355 1535 3,
370 1461 413 1522 ite
426 1466 512 1523 antea
531 1481 590 1522 non
608 1462 721 1542 fuisse),
746 1463 847 1540 “quod
862 1465 964 1540 gratia,
980 1485 1039 1543 qua

75 1582 188 1624 eumue
211 1565 414 1639 permanenter
430 1562 514 1640 justi,
530 1567 575 1622 ert
594 1582 640 1622 ree
659 1557 759 1640 aliqua
782 1565 878 1622 ereata
899 1562 1039 1624 distincta

75 1664 122 1722 ab
145 1662 258 1722 antibus
281 1666 319 1732 et,
345 1663 524 1722 oeesantibua
549 1661 618 1734 illis,
642 1662 674 1720 in
693 1661 810 1722 homine
828 1664 1036 1739 permanena;”

74 1762 117 1822 id
141 1766 237 1822 tamen
257 1765 367 1839 negant
390 1761 518 1838 theologi
541 1761 649 1838 passim
660 1765 690 1821 et
702 1762 880 1838 antiquiores
893 1766 922 1820 et
939 1781 1036 1821 reeen-

74 1862 181 1936 tioree,
204 1865 247 1934 ut,
262 1861 340 1922 inter
361 1861 434 1933 illos,
451 1861 593 1935 Vesounz,
609 1861 637 1922 d.
653 1881 688 1934 e,
703 1861 781 1921 inter
800 1862 862 1935 hoe,
885 1862 1034 1934 Pronoean,

74 1961 101 2022 l.
115 1981 140 2022 o.
181 1961 343 2022 concilium
357 1960 435 2020 enim
448 1959 582 2020 definivit
591 1961 708 2038 quidem
718 1960 920 2020 inhaerentiam
935 1947 1035 2036 gratiae

76 2065 311 2139 permanentem,
338 2061 387 2122 sed
413 2061 449 2121 de
478 2060 562 2120 modo
583 2060 762 2120 inhaerentiae
789 2059 865 2120 nihil
891 2060 1033 2120 definivit.

77 2161 150 2223 vid.
164 2163 318 2233 Poenoue,
330 2161 401 2220 ibid.
417 2162 477 2223 not.
493 2164 523 2220 et
538 2160 733 2234 Sononnmna,
748 2180 777 2220 n.
793 2165 840 2236 85,
852 2163 903 2222 teo.

121 2265 172 2325 ⁴⁶8.
188 2264 231 2324 3⁰.
252 2263 392 2324 Attamen
406 2263 550 2323 sententia
570 2262 637 2336 istu,
663 2262 718 2322 etsi
741 2282 798 2322 non
812 2262 941 2336 definita,
957 2283 1034 2324 oom-

77 2363 180 2424 munia
203 2366 234 2424 et
257 2366 335 2424 uerte
358 2365 411 2434 eet,
435 2365 466 2422 et
486 2366 522 2421 ut
541 2361 609 2422 telis
632 2361 802 2438 atheologie
825 2366 1034 2440 propugnatur.

83 2465 194 2526 “Saue
215 2463 332 2542 parvuli
355 2468 385 2523 et
406 2466 546 2542 perpetuo
578 2467 714 2534 amentes,
741 2462 812 2520 dum
838 2462 1035 2540 baptizantur,

80 2563 233 2642 aooipiunt
255 2562 379 2642 gratiam
400 2566 430 2622 at
454 2561 596 2634 virtutee3
618 2560 703 2638 atqui
724 2579 788 2620 eam
808 2579 866 2620 non
888 2561 1035 2640 reoipiunt

80 2683 134 2742 per
147 2663 265 2724 modum
278 2661 414 2724 motionis
424 2662 459 2722 ad
474 2661 678 2738 operationem,
690 2661 774 2740 eujus
783 2660 933 2738 inrepaoee
945 2665 1032 2734 eunt;

83 2781 154 2839 ergo
180 2781 233 2840 per
260 2763 378 2822 modum
405 2761 534 2822 habitus.
585 2761 658 2828 Quae
685 2761 812 2840 quidem,
840 2760 1034 2823 ....ratio

87 2861 286 2921 ineluetabilis
307 2860 382 2922 eet.”
429 2864 582 2934 Puerorum,
609 2881 640 2920 n.
669 2866 737 2934 505,
786 2859 952 2921 Videantur
978 2859 1036 2919 alia

88 2965 260 3036 argumenta
286 2961 364 3038 apud
390 2960 512 3020 eundem
539 2965 569 3020 et
594 2959 666 3020 nlioe
692 2963 831 3022 auctores.
882 2959 926 3020 4⁰.
947 2958 1034 3020 Hane

86 3064 185 3122 autem
211 3060 385 3138 qualitatem
412 3060 553 3120 rationem
580 3060 699 3120 habitus
724 3060 838 3140 proprie
869 3057 941 3120 dieti
967 3077 1035 3117 vere

91 3161 207 3234 hebere,
223 3165 254 3220 et
279 3159 413 3220 habitum
427 3159 531 3219 merito
544 3160 650 3233 vorari,
665 3179 703 3220 ex
716 3159 780 3238 ipea
792 3159 909 3219 notione
921 3156 1039 3216 habitus

86 3261 207 3338 planum
220 3264 264 3323 eet
280 3280 287 3320 :
308 3280 361 3320 neo
371 3260 439 3339 quie
453 3260 515 3334 hoo,
530 3259 588 3320 niei
602 3260 637 3320 de
650 3260 736 3320 verbo
747 3259 918 3332 cavillando,
932 3275 1038 3333 negare

85 3364 190 3437 potest.

124 3460 171 3520 *tt
208 3458 352 3528 Quaeritur
373 3458 416 3521 2⁰.
446 3459 504 3532 An,
530 3462 634 3537 preter
655 3459 763 3518 donum
789 3457 870 3518 istud
896 3457 1034 3526 ereetum,

85 3559 191 3618 donum
206 3559 294 3618 etiem
307 3559 478 3632 increatum,
501 3559 565 3637 ipsa
587 3579 708 3637 persona
729 3560 760 3621 S.
785 3558 923 3638 Spiritus,
943 3553 1035 3634 justia

85 3661 178 3738 detur,
194 3679 300 3742 eoaque
310 3661 406 3740 juetoe
429 3681 462 3722 ao
482 3661 558 3722 filios
578 3661 636 3722 Dei
657 3661 754 3750 saciat,
779 3666 866 3732 “neu
881 3655 1035 3724 efficientia
