2408 4304
56 396 146 441 nter.
163 372 241 464 xia]
443 373 499 438 De
517 371 651 437 Mm'lo·
955 395 1017 456 457

55 545 142 600 trent
163 541 272 616 gratias
294 559 345 616 pro
367 539 459 612 nobis,
489 557 549 597 non
578 557 625 596 eas
646 538 810 614 precatione
836 557 916 598 nuno
942 539 1019 598 facta

55 641 205 711 merendo,
222 639 271 696 sed
285 646 403 714 propter
425 657 525 697 eorum
549 637 722 712 dignitatem
736 643 766 695 et
780 637 936 696 amicitiam
949 657 1016 696 cum

54 739 132 807 Deo,
148 757 206 814 qua
219 738 300 810 digni
315 742 383 796 sunt
403 757 527 814 quorum
538 755 634 812 preces
648 736 812 808 audiantur,
828 737 976 796 ueletiam
985 742 1020 797 ut

55 836 150 894 multi
164 837 289 908 dicunt.
301 848 417 913 propter
438 837 544 894 merita
564 835 720 912 preterita,
737 855 802 913 quae
816 841 1019 912 compararunt

56 935 133 993 dum
146 943 241 994 essent
255 936 284 993 in
299 936 417 994 via-et
440 955 540 994 revera
562 940 624 993 tota
644 933 717 992 ratio
731 935 811 993 illius
825 935 976 1009 dignitatis
989 943 1020 994 et

55 1033 195 1092 amicitiae
218 1036 250 1092 in
273 1035 384 1094 meritis
405 1035 471 1093 istis
487 1034 632 1093 radicatur
655 1038 686 1093 et
706 1034 742 1092 ab
763 1034 799 1092 iis
819 1034 1019 1111 inseparabilis

59 1136 120 1190 est.

101 1232 169 1288 181.
201 1230 241 1289 2⁰.
270 1232 418 1310 Quicquid
448 1231 554 1290 dicitur
580 1232 617 1290 de
653 1230 829 1290 incremento
855 1231 954 1291 meriti
980 1252 1018 1292 ex

53 1329 169 1405 majore
192 1330 335 1404 dignitate
359 1331 483 1390 hominia
507 1331 645 1389 merentis
668 1331 768 1408 (infra,
795 1350 823 1389 11.
851 1333 930 1407 190),
956 1331 1017 1390 sine

41 1426 158 1496 ·dubio,
175 1447 233 1504 quo
256 1431 380 1488 sanctior
393 1431 498 1507 aliquis
512 1438 602 1490 osteo
617 1427 757 1488 efficacior
771 1435 814 1488 ast
827 1430 890 1506 ejus
910 1430 1013 1505 petitio

60 1527 100 1584 ad
115 1525 328 1602 impetrandum
352 1531 412 1588 sive
436 1549 487 1606 pro
512 1529 576 1589 aliis
597 1529 658 1586 sive
672 1547 723 1604 pro
737 1528 838 1605 seipso.
881 1529 960 1589 Hinc
975 1535 1019 1588 est

11 1663 12 1666 η
60 1626 141 1700 quod
157 1627 254 1684 Sancti
276 1630 434 1687 sacerdotes
456 1633 486 1686 at
506 1628 566 1698 alii,
583 1629 653 1686 dum
666 1628 712 1686 his
725 1627 757 1686 in
770 1627 855 1686 terris
868 1634 958 1699 erant,
974 1631 1018 1686 tot

58 1731 244 1799 peccatorum
257 1729 454 1786 conversiones
465 1727 523 1785 suis
534 1727 665 1803 precibus
675 1727 821 1785 consecuti
831 1733 909 1787 suut.
939 1727 1018 1786 Hinc

58 1841 122 1899 prae
137 1828 271 1885 omnibus
286 1826 400 1886 Sanctis
409 1827 587 1904 conjunctim
601 1833 716 1886 tantum
730 1829 808 1904 apud
821 1829 916 1887 Deum
929 1828 1021 1905 pollet

59 1923 157 1980 oratio
172 1924 205 1982 B.
223 1925 355 2000 Virginis
370 1927 482 1986 Mariae.

102 2026 169 2079 182.
195 2024 310 2083 lbrtio:
332 2027 489 2101 Objectum
508 2026 606 2086 meriti
629 2027 664 2086 de
684 2045 809 2103 congruo
831 2026 862 2084 in
870 2035 1019 2101 peccatore.

56 2117 77 2175 J
80 2127 164 2175 ustus
187 2125 332 2194 potestat
355 2122 421 2180 aliis
443 2122 519 2180 sicut
543 2127 573 2182 et
596 2123 651 2182 sibi
672 2143 798 2194 merere;
821 2129 952 2199 peccator
966 2122 1021 2180 sibi

60 2215 127 2274 soli.
151 2217 271 2288 Sornuz,
295 2238 318 2277 o.
343 2220 390 2290 37,
417 2239 446 2278 n.
472 2225 497 2280 l.
540 2223 597 2279 Pro
619 2222 711 2298 seipso
735 2242 843 2281 merere
867 2232 962 2298 potest
986 2223 1021 2280 de

61 2333 190 2389 congruo
206 2317 293 2375 etiam
306 2317 465 2390 infallibili,
483 2317 522 2394 1⁰,
535 2319 657 2396 primam
668 2321 789 2396 gratiam
800 2320 1020 2398 justificantem.

61 2415 141 2482 Quia
155 2425 288 2492 peccator
307 2424 412 2494 potest,
435 2421 623 2495 pergratiam
641 2421 705 2490 Dei,
721 2420 824 2479 elicere
843 2426 940 2478 actum
953 2440 1020 2480 con·

62 2515 193 2574 tritionis
215 2519 357 2592 perfectae.
399 2522 492 2577 Actus
514 2523 614 2578 autem
635 2519 685 2578 ille
705 2519 802 2595 aliquo
823 2519 908 2576 modo
934 2517 1021 2578 meri·

62 2613 157 2672 torius
182 2621 244 2672 est:
265 2616 402 2692 quoniam
429 2617 466 2674 cd
488 2617 626 2676 meritum
646 2616 735 2675 etiam
762 2615 938 2691 condignum
964 2617 1021 2693 ipsi

61 2711 144 2770 deest
157 2733 216 2772 una
228 2719 341 2772 tantum
352 2714 486 2782 conditio,
499 2734 609 2792 nempe,
623 2720 715 2774 status
728 2714 829 2790 gretie
839 2716 869 2772 in
878 2714 1020 2776 eliciente.

11 2845 13 2854 ν
66 2797 150 2872 Deus
164 2813 241 2872 enim
264 2819 380 2888 (ceterae
400 2814 579 2874 conditiones
602 2815 818 2891 supponuntur)
832 2832 899 2872 vere
914 2820 944 2872 et
957 2834 1026 2890 per,

65 2912 142 2970 fecte
157 2911 289 2970 contritis
309 2912 505 2972 remissionem
525 2912 708 2989 peccatorum
729 2913 858 2972 absolute
877 2913 1018 2988 promisit.

66 3006 146 3081 Ergo
159 3010 302 3087 ejusmodi
314 3012 440 3086 perfecte
462 3013 606 3072 contritus
625 3012 763 3072 meritum
776 3013 862 3070 habet
873 3012 1017 3088 justifica·

67 3106 167 3177 tionis,
197 3127 235 3166 ex
261 3117 365 3168 natura
391 3117 473 3169 actus
495 3130 663 3188 congruum,
693 3131 731 3171 ex
756 3109 944 3188 promissione
964 3110 1021 3171 Dei

67 3203 231 3264 infallibile.
628 3283 631 3292 ,

113 3307 181 3362 183.
205 3304 263 3363 Hic
286 3305 386 3364 modus
412 3307 552 3384 loquendi
576 3307 735 3368 communis
756 3310 787 3368 et
809 3311 943 3385 receptus
966 3313 1018 3369 est.

72 3401 105 3461 si
128 3403 194 3478 quis
218 3411 316 3462 tamen
328 3405 419 3464 vellet
438 3405 576 3464 meritum
598 3405 649 3464 isti
669 3406 750 3466 actui
769 3406 885 3464 omuino
904 3425 1019 3482 negare,

70 3507 197 3576 eumque
224 3507 339 3560 vocaret
372 3507 488 3560 tentum
527 3501 743 3578 dispositionem
770 3500 933 3578 positivam,
961 3521 1021 3580 qua

71 3594 168 3672 posita
196 3597 276 3654 Deus
303 3596 497 3657 infallibiliter
525 3595 666 3675 elargitur
687 3596 933 3688 justificationem,
963 3617 1021 3659 nou

231 3697 234 3706 ’
508 3699 544 3756 21
