<?xml version="1.0" encoding="UTF-8"?>
<!DOCTYPE html PUBLIC "-//W3C//DTD XHTML 1.0 Transitional//EN"
    "http://www.w3.org/TR/xhtml1/DTD/xhtml1-transitional.dtd">
<html xmlns="http://www.w3.org/1999/xhtml" xml:lang="en" lang="en">
 <head>
  <title>
</title>
<meta http-equiv="Content-Type" content="text/html;charset=utf-8" />
  <meta name='ocr-system' content='tesseract 3.04.00' />
  <meta name='ocr-capabilities' content='ocr_page ocr_carea ocr_par ocr_line ocrx_word'/>
</head>
<body>
  <div class='ocr_page' id='page_1' title='image "./tractatusdegrat00murrgoog_0283.png"; bbox 0 0 2410 4318; ppageno 0'>
   <div class='ocr_carea' id='block_1_1' title="bbox 160 343 1113 442">
    <p class='ocr_par' dir='ltr' id='par_1_1' title="bbox 160 343 1113 442">
     <span class='ocr_line' id='line_1_1' title="bbox 160 343 1113 442; baseline -0.006 -17"><span class='ocrx_word' id='word_1_1' title='bbox 160 358 222 442; x_wconf 81' lang='lat'>258</span> <span class='ocrx_word' id='word_1_2' title='bbox 540 347 595 420; x_wconf 79' lang='lat' dir='ltr'>De</span> <span class='ocrx_word' id='word_1_3' title='bbox 612 343 743 418; x_wconf 73' lang='lat' dir='ltr'>Gratia.</span> <span class='ocrx_word' id='word_1_4' title='bbox 926 344 1026 438; x_wconf 82' lang='lat' dir='ltr'>[msr.</span> <span class='ocrx_word' id='word_1_5' title='bbox 1044 371 1113 419; x_wconf 72' lang='lat' dir='ltr'>rm.</span> 
     </span>
    </p>
   </div>
   <div class='ocr_carea' id='block_1_2' title="bbox 159 518 1122 3706">
    <p class='ocr_par' dir='ltr' id='par_1_2' title="bbox 159 518 1120 1490">
     <span class='ocr_line' id='line_1_2' title="bbox 162 518 1116 603; baseline -0.006 -16"><span class='ocrx_word' id='word_1_6' title='bbox 162 531 206 588; x_wconf 86' lang='lat' dir='ltr'>est</span> <span class='ocrx_word' id='word_1_7' title='bbox 220 543 310 603; x_wconf 91' lang='lat' dir='ltr'>quare</span> <span class='ocrx_word' id='word_1_8' title='bbox 329 523 425 600; x_wconf 84' lang='lat' dir='ltr'>legere</span> <span class='ocrx_word' id='word_1_9' title='bbox 444 539 504 580; x_wconf 89' lang='lat' dir='ltr'>non</span> <span class='ocrx_word' id='word_1_10' title='bbox 517 521 608 581; x_wconf 85' lang='lat' dir='ltr'>valeo.</span> <span class='ocrx_word' id='word_1_11' title='bbox 651 519 709 579; x_wconf 83' lang='lat' dir='ltr'>Sed</span> <span class='ocrx_word' id='word_1_12' title='bbox 722 518 746 578; x_wconf 91' lang='lat' dir='ltr'>si</span> <span class='ocrx_word' id='word_1_13' title='bbox 760 538 814 596; x_wconf 90' lang='lat' dir='ltr'>ope</span> <span class='ocrx_word' id='word_1_14' title='bbox 834 519 995 596; x_wconf 87' lang='lat' dir='ltr'>perspiailli</span> <span class='ocrx_word' id='word_1_15' title='bbox 1007 521 1078 580; x_wconf 91' lang='lat' dir='ltr'>boni</span> <span class='ocrx_word' id='word_1_16' title='bbox 1090 524 1116 581; x_wconf 87' lang='lat' dir='ltr'>et</span> 
     </span>
     <span class='ocr_line' id='line_1_3' title="bbox 161 619 1117 704; baseline -0.005 -19"><span class='ocrx_word' id='word_1_17' title='bbox 161 624 302 704; x_wconf 82' lang='lat' dir='ltr'>pellucidi</span> <span class='ocrx_word' id='word_1_18' title='bbox 316 623 401 682; x_wconf 80' lang='lat' dir='ltr'>facile</span> <span class='ocrx_word' id='word_1_19' title='bbox 421 622 516 698; x_wconf 89' lang='lat' dir='ltr'>legere</span> <span class='ocrx_word' id='word_1_20' title='bbox 529 620 644 699; x_wconf 87' lang='lat' dir='ltr'>possim,</span> <span class='ocrx_word' id='word_1_21' title='bbox 660 624 690 680; x_wconf 86' lang='lat' dir='ltr'>et</span> <span class='ocrx_word' id='word_1_22' title='bbox 702 619 765 678; x_wconf 85' lang='lat' dir='ltr'>loeo</span> <span class='ocrx_word' id='word_1_23' title='bbox 785 619 853 678; x_wconf 88' lang='lat' dir='ltr'>talis</span> <span class='ocrx_word' id='word_1_24' title='bbox 871 619 1035 696; x_wconf 88' lang='lat' dir='ltr'>perspieilli</span> <span class='ocrx_word' id='word_1_25' title='bbox 1047 622 1117 680; x_wconf 87' lang='lat' dir='ltr'>mihi</span> 
     </span>
     <span class='ocr_line' id='line_1_4' title="bbox 161 722 1118 799; baseline -0.004 -12"><span class='ocrx_word' id='word_1_26' title='bbox 161 727 242 787; x_wconf 82' lang='lat' dir='ltr'>aliud</span> <span class='ocrx_word' id='word_1_27' title='bbox 254 726 387 786; x_wconf 86' lang='lat' dir='ltr'>tradatur</span> <span class='ocrx_word' id='word_1_28' title='bbox 406 725 560 783; x_wconf 81' lang='lat' dir='ltr'>obscurum</span> <span class='ocrx_word' id='word_1_29' title='bbox 573 722 688 782; x_wconf 89' lang='lat' dir='ltr'>etmihi</span> <span class='ocrx_word' id='word_1_30' title='bbox 707 723 849 798; x_wconf 80' lang='lat' dir='ltr'>ineptum,</span> <span class='ocrx_word' id='word_1_31' title='bbox 864 740 930 780; x_wconf 89' lang='lat' dir='ltr'>aum</span> <span class='ocrx_word' id='word_1_32' title='bbox 945 741 1005 799; x_wconf 91' lang='lat' dir='ltr'>quo</span> <span class='ocrx_word' id='word_1_33' title='bbox 1025 723 1118 799; x_wconf 85' lang='lat' dir='ltr'>legere</span> 
     </span>
     <span class='ocr_line' id='line_1_5' title="bbox 160 823 1118 905; baseline -0.005 -17"><span class='ocrx_word' id='word_1_34' title='bbox 160 848 220 889; x_wconf 91' lang='lat' dir='ltr'>non</span> <span class='ocrx_word' id='word_1_35' title='bbox 246 847 382 905; x_wconf 91' lang='lat' dir='ltr'>possum;</span> <span class='ocrx_word' id='word_1_36' title='bbox 416 843 511 884; x_wconf 91' lang='lat' dir='ltr'>nonne</span> <span class='ocrx_word' id='word_1_37' title='bbox 537 825 600 884; x_wconf 85' lang='lat' dir='ltr'>hoea</span> <span class='ocrx_word' id='word_1_38' title='bbox 629 823 801 900; x_wconf 82' lang='lat' dir='ltr'><strong>impotentia</strong></span> <span class='ocrx_word' id='word_1_39' title='bbox 826 823 944 899; x_wconf 89' lang='lat' dir='ltr'>legendi</span> <span class='ocrx_word' id='word_1_40' title='bbox 971 843 1035 883; x_wconf 91' lang='lat' dir='ltr'>non</span> <span class='ocrx_word' id='word_1_41' title='bbox 1068 826 1118 884; x_wconf 88' lang='lat' dir='ltr'>soli</span> 
     </span>
     <span class='ocr_line' id='line_1_6' title="bbox 160 921 1118 1000; baseline -0.008 -11"><span class='ocrx_word' id='word_1_42' title='bbox 160 927 333 990; x_wconf 78' lang='lat' dir='ltr'>hebetudini</span> <span class='ocrx_word' id='word_1_43' title='bbox 366 925 515 985; x_wconf 78' lang='lat' dir='ltr'>oculorum</span> <span class='ocrx_word' id='word_1_44' title='bbox 549 943 680 983; x_wconf 88' lang='lat' dir='ltr'>meorum</span> <span class='ocrx_word' id='word_1_45' title='bbox 713 921 911 1000; x_wconf 86' lang='lat' dir='ltr'>perspieillum</span> <span class='ocrx_word' id='word_1_46' title='bbox 942 942 1024 982; x_wconf 82' lang='lat' dir='ltr'>nnnc</span> <span class='ocrx_word' id='word_1_47' title='bbox 1057 944 1118 1000; x_wconf 86' lang='lat' dir='ltr'>ges·</span> 
     </span>
     <span class='ocr_line' id='line_1_7' title="bbox 159 1021 1119 1101; baseline -0.007 -12"><span class='ocrx_word' id='word_1_48' title='bbox 159 1028 298 1101; x_wconf 74' lang='lat' dir='ltr'>bantium,</span> <span class='ocrx_word' id='word_1_49' title='bbox 334 1027 384 1085; x_wconf 85' lang='lat' dir='ltr'>sed</span> <span class='ocrx_word' id='word_1_50' title='bbox 417 1025 506 1084; x_wconf 89' lang='lat' dir='ltr'>etiam</span> <span class='ocrx_word' id='word_1_51' title='bbox 539 1023 596 1101; x_wconf 88' lang='lat' dir='ltr'>ipsi</span> <span class='ocrx_word' id='word_1_52' title='bbox 622 1022 783 1100; x_wconf 86' lang='lat' dir='ltr'>perspiailli</span> <span class='ocrx_word' id='word_1_53' title='bbox 813 1021 949 1095; x_wconf 84' lang='lat' dir='ltr'>defectui,</span> <span class='ocrx_word' id='word_1_54' title='bbox 986 1030 1019 1082; x_wconf 85' lang='lat' dir='ltr'>et</span> <span class='ocrx_word' id='word_1_55' title='bbox 1051 1024 1119 1082; x_wconf 85' lang='lat' dir='ltr'>huie</span> 
     </span>
     <span class='ocr_line' id='line_1_8' title="bbox 160 1123 1118 1200; baseline -0.004 -11"><span class='ocrx_word' id='word_1_56' title='bbox 160 1129 295 1200; x_wconf 85' lang='lat' dir='ltr'><strong>maxime,</strong></span> <span class='ocrx_word' id='word_1_57' title='bbox 322 1127 425 1187; x_wconf 90' lang='lat' dir='ltr'>merito</span> <span class='ocrx_word' id='word_1_58' title='bbox 453 1123 652 1185; x_wconf 79' lang='lat' dir='ltr'>tribueretur?</span> <span class='ocrx_word' id='word_1_59' title='bbox 701 1125 749 1184; x_wconf 87' lang='lat' dir='ltr'>Ita</span> <span class='ocrx_word' id='word_1_60' title='bbox 781 1137 812 1183; x_wconf 84' lang='lat' dir='ltr'>at</span> <span class='ocrx_word' id='word_1_61' title='bbox 841 1143 900 1182; x_wconf 90' lang='lat' dir='ltr'>non</span> <span class='ocrx_word' id='word_1_62' title='bbox 927 1123 985 1183; x_wconf 89' lang='lat' dir='ltr'>soli</span> <span class='ocrx_word' id='word_1_63' title='bbox 1015 1127 1118 1186; x_wconf 86' lang='lat' dir='ltr'>volun·</span> 
     </span>
     <span class='ocr_line' id='line_1_9' title="bbox 160 1223 1118 1304; baseline -0.006 -14"><span class='ocrx_word' id='word_1_64' title='bbox 160 1231 216 1290; x_wconf 88' lang='lat' dir='ltr'>tati</span> <span class='ocrx_word' id='word_1_65' title='bbox 243 1229 301 1290; x_wconf 88' lang='lat' dir='ltr'>ista</span> <span class='ocrx_word' id='word_1_66' title='bbox 330 1227 424 1304; x_wconf 86' lang='lat' dir='ltr'>gratia</span> <span class='ocrx_word' id='word_1_67' title='bbox 451 1224 592 1286; x_wconf 82' lang='lat' dir='ltr'>inefficaci</span> <span class='ocrx_word' id='word_1_68' title='bbox 622 1223 740 1302; x_wconf 75' lang='lat' dir='ltr'>adjutae,</span> <span class='ocrx_word' id='word_1_69' title='bbox 768 1223 817 1282; x_wconf 87' lang='lat' dir='ltr'>sed</span> <span class='ocrx_word' id='word_1_70' title='bbox 846 1223 932 1283; x_wconf 86' lang='lat' dir='ltr'>etiam</span> <span class='ocrx_word' id='word_1_71' title='bbox 961 1225 1023 1302; x_wconf 89' lang='lat' dir='ltr'>ipsi</span> <span class='ocrx_word' id='word_1_72' title='bbox 1053 1245 1118 1302; x_wconf 85' lang='lat' dir='ltr'>gra-</span> 
     </span>
     <span class='ocr_line' id='line_1_10' title="bbox 160 1323 1120 1400; baseline -0.007 -10"><span class='ocrx_word' id='word_1_73' title='bbox 160 1330 210 1390; x_wconf 81' lang='lat' dir='ltr'>tia</span> <span class='ocrx_word' id='word_1_74' title='bbox 241 1326 459 1400; x_wconf 82' lang='lat' dir='ltr'>insufficientia,</span> <span class='ocrx_word' id='word_1_75' title='bbox 495 1329 526 1386; x_wconf 84' lang='lat' dir='ltr'>et</span> <span class='ocrx_word' id='word_1_76' title='bbox 560 1324 629 1384; x_wconf 83' lang='lat' dir='ltr'>huie</span> <span class='ocrx_word' id='word_1_77' title='bbox 661 1323 799 1396; x_wconf 85' lang='lat' dir='ltr'>maxime,</span> <span class='ocrx_word' id='word_1_78' title='bbox 828 1323 997 1384; x_wconf 86' lang='lat' dir='ltr'>resistentia</span> <span class='ocrx_word' id='word_1_79' title='bbox 1031 1327 1120 1385; x_wconf 88' lang='lat' dir='ltr'>tribui</span> 
     </span>
     <span class='ocr_line' id='line_1_11' title="bbox 161 1429 976 1490; baseline -0.001 -2"><span class='ocrx_word' id='word_1_80' title='bbox 161 1429 253 1490; x_wconf 88' lang='lat' dir='ltr'>debet.</span> <span class='ocrx_word' id='word_1_81' title='bbox 973 1429 976 1434; x_wconf 85' lang='lat'>&#39;</span> 
     </span>
    </p>

    <p class='ocr_par' dir='ltr' id='par_1_3' title="bbox 162 1523 1119 2002">
     <span class='ocr_line' id='line_1_12' title="bbox 203 1523 1118 1605; baseline -0.002 -18"><span class='ocrx_word' id='word_1_82' title='bbox 203 1533 251 1588; x_wconf 84' lang='grc'>63.</span> <span class='ocrx_word' id='word_1_83' title='bbox 281 1527 386 1605; x_wconf 66' lang='lat' dir='ltr'>Urpem</span> <span class='ocrx_word' id='word_1_84' title='bbox 403 1527 532 1604; x_wconf 90' lang='lat' dir='ltr'>quidam,</span> <span class='ocrx_word' id='word_1_85' title='bbox 551 1523 697 1584; x_wconf 89' lang='lat' dir='ltr'>hominem</span> <span class='ocrx_word' id='word_1_86' title='bbox 714 1523 868 1584; x_wconf 83' lang='lat' dir='ltr'>habentem</span> <span class='ocrx_word' id='word_1_87' title='bbox 888 1523 977 1584; x_wconf 87' lang='lat' dir='ltr'>istam</span> <span class='ocrx_word' id='word_1_88' title='bbox 997 1528 1118 1602; x_wconf 85' lang='lat' dir='ltr'>gratiam</span> 
     </span>
     <span class='ocr_line' id='line_1_13' title="bbox 163 1625 1118 1704; baseline -0.004 -16"><span class='ocrx_word' id='word_1_89' title='bbox 163 1628 352 1688; x_wconf 85' lang='lat' dir='ltr'>sufficientem</span> <span class='ocrx_word' id='word_1_90' title='bbox 374 1647 433 1686; x_wconf 91' lang='lat' dir='ltr'>non</span> <span class='ocrx_word' id='word_1_91' title='bbox 453 1627 518 1687; x_wconf 89' lang='lat' dir='ltr'>ideo</span> <span class='ocrx_word' id='word_1_92' title='bbox 541 1645 598 1685; x_wconf 88' lang='lat' dir='ltr'>non</span> <span class='ocrx_word' id='word_1_93' title='bbox 613 1643 719 1702; x_wconf 88' lang='lat' dir='ltr'>ponere</span> <span class='ocrx_word' id='word_1_94' title='bbox 742 1631 840 1684; x_wconf 86' lang='lat' dir='ltr'>aetum</span> <span class='ocrx_word' id='word_1_95' title='bbox 862 1625 932 1702; x_wconf 88' lang='lat' dir='ltr'>quia</span> <span class='ocrx_word' id='word_1_96' title='bbox 953 1645 1015 1685; x_wconf 92' lang='lat' dir='ltr'>non</span> <span class='ocrx_word' id='word_1_97' title='bbox 1028 1631 1118 1704; x_wconf 88' lang='lat' dir='ltr'>potest</span> 
     </span>
     <span class='ocr_line' id='line_1_14' title="bbox 163 1723 1115 1806; baseline -0.002 -20"><span class='ocrx_word' id='word_1_98' title='bbox 163 1747 278 1806; x_wconf 84' lang='lat' dir='ltr'>ponere,</span> <span class='ocrx_word' id='word_1_99' title='bbox 294 1727 343 1786; x_wconf 89' lang='lat' dir='ltr'>sed</span> <span class='ocrx_word' id='word_1_100' title='bbox 358 1725 427 1804; x_wconf 84' lang='lat' dir='ltr'>quia</span> <span class='ocrx_word' id='word_1_101' title='bbox 439 1745 498 1785; x_wconf 91' lang='lat' dir='ltr'>non</span> <span class='ocrx_word' id='word_1_102' title='bbox 512 1725 578 1784; x_wconf 86' lang='lat' dir='ltr'>vult</span> <span class='ocrx_word' id='word_1_103' title='bbox 587 1741 702 1801; x_wconf 86' lang='lat' dir='ltr'>ponere.</span> <span class='ocrx_word' id='word_1_104' title='bbox 738 1723 794 1784; x_wconf 80' lang='lat' dir='ltr'>seu</span> <span class='ocrx_word' id='word_1_105' title='bbox 803 1743 900 1782; x_wconf 87' lang='lat' dir='ltr'>nonne</span> <span class='ocrx_word' id='word_1_106' title='bbox 910 1723 992 1784; x_wconf 88' lang='lat' dir='ltr'>istud</span> <span class='ocrx_word' id='word_1_107' title='bbox 1009 1726 1115 1786; x_wconf 87' lang='lat' dir='ltr'>“vult&#39;&#39;</span> 
     </span>
     <span class='ocr_line' id='line_1_15' title="bbox 162 1821 1119 1902; baseline -0.001 -17"><span class='ocrx_word' id='word_1_108' title='bbox 162 1827 329 1886; x_wconf 86' lang='lat' dir='ltr'>habendum</span> <span class='ocrx_word' id='word_1_109' title='bbox 352 1830 396 1886; x_wconf 85' lang='lat' dir='ltr'>est</span> <span class='ocrx_word' id='word_1_110' title='bbox 415 1845 453 1886; x_wconf 91' lang='lat' dir='ltr'>ex</span> <span class='ocrx_word' id='word_1_111' title='bbox 473 1823 568 1902; x_wconf 88' lang='lat' dir='ltr'>gratia</span> <span class='ocrx_word' id='word_1_112' title='bbox 591 1821 707 1895; x_wconf 84' lang='lat' dir='ltr'>efficaci,</span> <span class='ocrx_word' id='word_1_113' title='bbox 730 1842 789 1882; x_wconf 89' lang='lat' dir='ltr'>non</span> <span class='ocrx_word' id='word_1_114' title='bbox 808 1823 906 1882; x_wconf 90' lang='lat' dir='ltr'>minus</span> <span class='ocrx_word' id='word_1_115' title='bbox 926 1829 1018 1902; x_wconf 89' lang='lat' dir='ltr'>atque</span> <span class='ocrx_word' id='word_1_116' title='bbox 1042 1829 1119 1886; x_wconf 84' lang='lat' dir='ltr'>aetus</span> 
     </span>
     <span class='ocr_line' id='line_1_16' title="bbox 163 1924 249 2002; baseline 0 -18"><span class='ocrx_word' id='word_1_117' title='bbox 163 1924 249 2002; x_wconf 82' lang='lat' dir='ltr'>ipse?</span> 
     </span>
    </p>

    <p class='ocr_par' dir='ltr' id='par_1_4' title="bbox 163 2022 1122 3488">
     <span class='ocr_line' id='line_1_17' title="bbox 205 2022 1118 2102; baseline 0.001 -20"><span class='ocrx_word' id='word_1_118' title='bbox 205 2029 252 2084; x_wconf 83' lang='grc'>64.</span> <span class='ocrx_word' id='word_1_119' title='bbox 273 2025 360 2101; x_wconf 77' lang='lat' dir='ltr'>Reap.</span> <span class='ocrx_word' id='word_1_120' title='bbox 386 2025 431 2085; x_wconf 92' lang='lat' dir='ltr'>II.</span> <span class='ocrx_word' id='word_1_121' title='bbox 454 2025 490 2084; x_wconf 87' lang='lat' dir='ltr'>ad</span> <span class='ocrx_word' id='word_1_122' title='bbox 513 2045 543 2085; x_wconf 91' lang='lat' dir='ltr'>n.</span> <span class='ocrx_word' id='word_1_123' title='bbox 569 2028 619 2085; x_wconf 86' lang='grc'>56.</span> <span class='ocrx_word' id='word_1_124' title='bbox 670 2022 886 2084; x_wconf 80' lang='lat' dir='ltr'>Similitudines</span> <span class='ocrx_word' id='word_1_125' title='bbox 912 2023 980 2084; x_wconf 89' lang='lat' dir='ltr'>istae</span> <span class='ocrx_word' id='word_1_126' title='bbox 1006 2045 1118 2102; x_wconf 86' lang='lat' dir='ltr'>prorsus</span> 
     </span>
     <span class='ocr_line' id='line_1_18' title="bbox 163 2124 1118 2203; baseline 0 -19"><span class='ocrx_word' id='word_1_127' title='bbox 163 2125 271 2202; x_wconf 86' lang='lat' dir='ltr'>ineptae</span> <span class='ocrx_word' id='word_1_128' title='bbox 299 2129 381 2185; x_wconf 83' lang='lat' dir='ltr'>sunt.</span> <span class='ocrx_word' id='word_1_129' title='bbox 433 2125 473 2185; x_wconf 87' lang='lat'>1⁰.</span> <span class='ocrx_word' id='word_1_130' title='bbox 495 2124 580 2203; x_wconf 85' lang='lat' dir='ltr'>Ignis</span> <span class='ocrx_word' id='word_1_131' title='bbox 604 2125 723 2202; x_wconf 78' lang='lat' dir='ltr'>quidem</span> <span class='ocrx_word' id='word_1_132' title='bbox 750 2125 942 2186; x_wconf 85' lang='lat' dir='ltr'>communiter</span> <span class='ocrx_word' id='word_1_133' title='bbox 969 2129 1000 2186; x_wconf 90' lang='lat' dir='ltr'>et</span> <span class='ocrx_word' id='word_1_134' title='bbox 1021 2127 1118 2186; x_wconf 81' lang='lat' dir='ltr'>merito</span> 
     </span>
     <span class='ocr_line' id='line_1_19' title="bbox 165 2225 1118 2302; baseline 0 -18"><span class='ocrx_word' id='word_1_135' title='bbox 165 2225 273 2285; x_wconf 86' lang='lat' dir='ltr'>dieitur</span> <span class='ocrx_word' id='word_1_136' title='bbox 287 2241 348 2285; x_wconf 80' lang='lat' dir='ltr'>esse</span> <span class='ocrx_word' id='word_1_137' title='bbox 368 2225 511 2285; x_wconf 84' lang='lat' dir='ltr'>sufficiens</span> <span class='ocrx_word' id='word_1_138' title='bbox 531 2226 567 2284; x_wconf 87' lang='lat' dir='ltr'>ad</span> <span class='ocrx_word' id='word_1_139' title='bbox 581 2225 816 2298; x_wconf 86' lang='lat' dir='ltr'>comburendum,</span> <span class='ocrx_word' id='word_1_140' title='bbox 832 2229 862 2284; x_wconf 87' lang='lat' dir='ltr'>et</span> <span class='ocrx_word' id='word_1_141' title='bbox 875 2225 959 2302; x_wconf 88' lang='lat' dir='ltr'>panis</span> <span class='ocrx_word' id='word_1_142' title='bbox 979 2227 1017 2285; x_wconf 87' lang='lat' dir='ltr'>ad</span> <span class='ocrx_word' id='word_1_143' title='bbox 1030 2227 1118 2286; x_wconf 89' lang='lat' dir='ltr'>nutri·</span> 
     </span>
     <span class='ocr_line' id='line_1_20' title="bbox 165 2326 1117 2405; baseline -0.001 -18"><span class='ocrx_word' id='word_1_144' title='bbox 165 2327 283 2401; x_wconf 83' lang='lat' dir='ltr'>endam,</span> <span class='ocrx_word' id='word_1_145' title='bbox 299 2327 354 2387; x_wconf 88' lang='lat' dir='ltr'>etsi</span> <span class='ocrx_word' id='word_1_146' title='bbox 367 2327 486 2405; x_wconf 90' lang='lat' dir='ltr'>insuper</span> <span class='ocrx_word' id='word_1_147' title='bbox 505 2327 670 2405; x_wconf 90' lang='lat' dir='ltr'>requiratur</span> <span class='ocrx_word' id='word_1_148' title='bbox 689 2326 845 2405; x_wconf 83' lang='lat' dir='ltr'>applicatio</span> <span class='ocrx_word' id='word_1_149' title='bbox 865 2326 943 2404; x_wconf 86' lang='lat' dir='ltr'>ignis</span> <span class='ocrx_word' id='word_1_150' title='bbox 956 2332 987 2388; x_wconf 89' lang='lat' dir='ltr'>et</span> <span class='ocrx_word' id='word_1_151' title='bbox 1000 2329 1117 2388; x_wconf 86' lang='lat' dir='ltr'>mandu-</span> 
     </span>
     <span class='ocr_line' id='line_1_21' title="bbox 165 2427 1120 2506; baseline -0.002 -19"><span class='ocrx_word' id='word_1_152' title='bbox 165 2428 240 2488; x_wconf 83' lang='lat' dir='ltr'>eatio</span> <span class='ocrx_word' id='word_1_153' title='bbox 254 2427 338 2506; x_wconf 89' lang='lat' dir='ltr'>panis</span> <span class='ocrx_word' id='word_1_154' title='bbox 350 2447 357 2499; x_wconf 90' lang='lat'><strong>;</strong></span> <span class='ocrx_word' id='word_1_155' title='bbox 373 2427 443 2504; x_wconf 92' lang='lat' dir='ltr'>quia</span> <span class='ocrx_word' id='word_1_156' title='bbox 456 2427 648 2487; x_wconf 82' lang='lat' dir='ltr'>communiter</span> <span class='ocrx_word' id='word_1_157' title='bbox 661 2431 865 2504; x_wconf 89' lang='lat' dir='ltr'>supponuntur</span> <span class='ocrx_word' id='word_1_158' title='bbox 874 2447 958 2487; x_wconf 81' lang='lat' dir='ltr'>casus</span> <span class='ocrx_word' id='word_1_159' title='bbox 971 2427 1004 2487; x_wconf 94' lang='lat' dir='ltr'>in</span> <span class='ocrx_word' id='word_1_160' title='bbox 1018 2428 1120 2506; x_wconf 86' lang='lat' dir='ltr'>quibus</span> 
     </span>
     <span class='ocr_line' id='line_1_22' title="bbox 166 2527 1120 2608; baseline -0.002 -18"><span class='ocrx_word' id='word_1_161' title='bbox 166 2529 249 2590; x_wconf 88' lang='lat' dir='ltr'>adest</span> <span class='ocrx_word' id='word_1_162' title='bbox 268 2528 399 2608; x_wconf 88' lang='lat' dir='ltr'>potentia</span> <span class='ocrx_word' id='word_1_163' title='bbox 418 2529 554 2606; x_wconf 88' lang='lat' dir='ltr'>expedita</span> <span class='ocrx_word' id='word_1_164' title='bbox 578 2531 607 2588; x_wconf 89' lang='lat' dir='ltr'>et</span> <span class='ocrx_word' id='word_1_165' title='bbox 628 2529 771 2606; x_wconf 87' lang='lat' dir='ltr'>eompleta</span> <span class='ocrx_word' id='word_1_166' title='bbox 791 2527 957 2606; x_wconf 75' lang='lat' dir='ltr'>applicandi</span> <span class='ocrx_word' id='word_1_167' title='bbox 975 2529 1075 2606; x_wconf 84' lang='lat' dir='ltr'>ignem</span> <span class='ocrx_word' id='word_1_168' title='bbox 1094 2533 1120 2588; x_wconf 90' lang='lat' dir='ltr'>et</span> 
     </span>
     <span class='ocr_line' id='line_1_23' title="bbox 167 2627 1121 2707; baseline -0.001 -19"><span class='ocrx_word' id='word_1_169' title='bbox 167 2649 281 2706; x_wconf 91' lang='lat' dir='ltr'>panem.</span> <span class='ocrx_word' id='word_1_170' title='bbox 324 2628 380 2690; x_wconf 83' lang='lat' dir='ltr'>Sed</span> <span class='ocrx_word' id='word_1_171' title='bbox 394 2628 423 2688; x_wconf 90' lang='lat' dir='ltr'>id</span> <span class='ocrx_word' id='word_1_172' title='bbox 437 2648 587 2707; x_wconf 91' lang='lat' dir='ltr'>nunquam</span> <span class='ocrx_word' id='word_1_173' title='bbox 601 2629 790 2688; x_wconf 86' lang='lat' dir='ltr'>affirmaretur</span> <span class='ocrx_word' id='word_1_174' title='bbox 802 2627 835 2686; x_wconf 88' lang='lat' dir='ltr'>in</span> <span class='ocrx_word' id='word_1_175' title='bbox 849 2627 963 2690; x_wconf 87' lang='lat' dir='ltr'>casibus</span> <span class='ocrx_word' id='word_1_176' title='bbox 976 2628 1121 2707; x_wconf 90' lang='lat' dir='ltr'>inquibus</span> 
     </span>
     <span class='ocr_line' id='line_1_24' title="bbox 167 2728 1121 2806; baseline -0.001 -18"><span class='ocrx_word' id='word_1_177' title='bbox 167 2748 225 2788; x_wconf 84' lang='lat' dir='ltr'>non</span> <span class='ocrx_word' id='word_1_178' title='bbox 239 2731 314 2790; x_wconf 85' lang='lat' dir='ltr'>esset</span> <span class='ocrx_word' id='word_1_179' title='bbox 327 2728 395 2788; x_wconf 79' lang='lat' dir='ltr'>talis</span> <span class='ocrx_word' id='word_1_180' title='bbox 408 2729 547 2806; x_wconf 86' lang='lat' dir='ltr'>potentia.</span> <span class='ocrx_word' id='word_1_181' title='bbox 588 2728 632 2788; x_wconf 87' lang='lat' dir='ltr'>De</span> <span class='ocrx_word' id='word_1_182' title='bbox 645 2728 713 2805; x_wconf 84' lang='lat' dir='ltr'>igne</span> <span class='ocrx_word' id='word_1_183' title='bbox 733 2732 785 2788; x_wconf 87' lang='lat' dir='ltr'>aut</span> <span class='ocrx_word' id='word_1_184' title='bbox 797 2747 871 2804; x_wconf 86' lang='lat' dir='ltr'>pane</span> <span class='ocrx_word' id='word_1_185' title='bbox 891 2749 970 2789; x_wconf 84' lang='lat' dir='ltr'>nune</span> <span class='ocrx_word' id='word_1_186' title='bbox 984 2732 1017 2789; x_wconf 91' lang='lat' dir='ltr'>in</span> <span class='ocrx_word' id='word_1_187' title='bbox 1031 2730 1121 2790; x_wconf 84' lang='lat' dir='ltr'>Galba</span> 
     </span>
     <span class='ocr_line' id='line_1_25' title="bbox 168 2827 1121 2904; baseline 0.001 -16"><span class='ocrx_word' id='word_1_188' title='bbox 168 2827 314 2888; x_wconf 83' lang='lat' dir='ltr'>existente</span> <span class='ocrx_word' id='word_1_189' title='bbox 327 2828 395 2904; x_wconf 85' lang='lat' dir='ltr'>quis</span> <span class='ocrx_word' id='word_1_190' title='bbox 409 2829 564 2888; x_wconf 86' lang='lat' dir='ltr'>affirmaret</span> <span class='ocrx_word' id='word_1_191' title='bbox 577 2848 644 2888; x_wconf 89' lang='lat' dir='ltr'>enm</span> <span class='ocrx_word' id='word_1_192' title='bbox 663 2847 742 2888; x_wconf 85' lang='lat' dir='ltr'>nune</span> <span class='ocrx_word' id='word_1_193' title='bbox 754 2829 883 2888; x_wconf 86' lang='lat' dir='ltr'>sufficere</span> <span class='ocrx_word' id='word_1_194' title='bbox 903 2829 941 2888; x_wconf 91' lang='lat' dir='ltr'>ad</span> <span class='ocrx_word' id='word_1_195' title='bbox 954 2831 1121 2889; x_wconf 82' lang='lat' dir='ltr'>comburen-</span> 
     </span>
     <span class='ocr_line' id='line_1_26' title="bbox 169 2926 1121 3005; baseline 0.003 -19"><span class='ocrx_word' id='word_1_196' title='bbox 169 2929 238 2986; x_wconf 91' lang='lat' dir='ltr'>dum</span> <span class='ocrx_word' id='word_1_197' title='bbox 252 2931 305 2987; x_wconf 88' lang='lat' dir='ltr'>aut</span> <span class='ocrx_word' id='word_1_198' title='bbox 316 2928 504 2988; x_wconf 90' lang='lat' dir='ltr'>nutriendum</span> <span class='ocrx_word' id='word_1_199' title='bbox 524 2928 556 2987; x_wconf 90' lang='lat' dir='ltr'>in</span> <span class='ocrx_word' id='word_1_200' title='bbox 572 2926 741 2988; x_wconf 82' lang='lat' dir='ltr'>Hibernia?</span> <span class='ocrx_word' id='word_1_201' title='bbox 780 2929 829 2987; x_wconf 88' lang='lat' dir='ltr'>Ita</span> <span class='ocrx_word' id='word_1_202' title='bbox 842 2933 872 2988; x_wconf 87' lang='lat' dir='ltr'>et</span> <span class='ocrx_word' id='word_1_203' title='bbox 885 2929 921 2987; x_wconf 92' lang='lat' dir='ltr'>de</span> <span class='ocrx_word' id='word_1_204' title='bbox 935 2930 1045 3005; x_wconf 87' lang='lat' dir='ltr'>gratia:</span> <span class='ocrx_word' id='word_1_205' title='bbox 1066 2929 1121 2988; x_wconf 88' lang='lat' dir='ltr'>sul&#39;·</span> 
     </span>
     <span class='ocr_line' id='line_1_27' title="bbox 168 3025 1122 3106; baseline 0 -20"><span class='ocrx_word' id='word_1_206' title='bbox 168 3025 279 3087; x_wconf 76' lang='lat' dir='ltr'>finienti</span> <span class='ocrx_word' id='word_1_207' title='bbox 300 3027 488 3101; x_wconf 81' lang='lat' dir='ltr'>Themistiaa,</span> <span class='ocrx_word' id='word_1_208' title='bbox 511 3047 599 3106; x_wconf 90' lang='lat' dir='ltr'>quam</span> <span class='ocrx_word' id='word_1_209' title='bbox 622 3047 700 3087; x_wconf 84' lang='lat' dir='ltr'>nune</span> <span class='ocrx_word' id='word_1_210' title='bbox 722 3029 814 3088; x_wconf 88' lang='lat' dir='ltr'>habeo</span> <span class='ocrx_word' id='word_1_211' title='bbox 838 3029 875 3088; x_wconf 88' lang='lat' dir='ltr'>ad</span> <span class='ocrx_word' id='word_1_212' title='bbox 896 3029 951 3102; x_wconf 86' lang='lat' dir='ltr'>boe</span> <span class='ocrx_word' id='word_1_213' title='bbox 975 3029 1026 3089; x_wconf 87' lang='lat' dir='ltr'>vel</span> <span class='ocrx_word' id='word_1_214' title='bbox 1052 3028 1122 3089; x_wconf 88' lang='lat' dir='ltr'>illud</span> 
     </span>
     <span class='ocr_line' id='line_1_28' title="bbox 168 3125 1122 3206; baseline 0 -19"><span class='ocrx_word' id='word_1_215' title='bbox 168 3129 346 3205; x_wconf 82' lang='lat' dir='ltr'>praeseptum</span> <span class='ocrx_word' id='word_1_216' title='bbox 357 3125 547 3204; x_wconf 82' lang='lat' dir='ltr'>implendum,</span> <span class='ocrx_word' id='word_1_217' title='bbox 559 3147 618 3186; x_wconf 90' lang='lat' dir='ltr'>non</span> <span class='ocrx_word' id='word_1_218' title='bbox 631 3127 723 3204; x_wconf 85' lang='lat' dir='ltr'>magis</span> <span class='ocrx_word' id='word_1_219' title='bbox 734 3127 797 3188; x_wconf 88' lang='lat' dir='ltr'>sine</span> <span class='ocrx_word' id='word_1_220' title='bbox 807 3127 996 3204; x_wconf 88' lang='lat' dir='ltr'>praemotione</span> <span class='ocrx_word' id='word_1_221' title='bbox 1005 3129 1122 3206; x_wconf 77' lang='lat' dir='ltr'>physica</span> 
     </span>
     <span class='ocr_line' id='line_1_29' title="bbox 167 3226 1121 3306; baseline 0 -20"><span class='ocrx_word' id='word_1_222' title='bbox 167 3227 214 3286; x_wconf 87' lang='lat' dir='ltr'>uti</span> <span class='ocrx_word' id='word_1_223' title='bbox 237 3245 362 3304; x_wconf 89' lang='lat' dir='ltr'>possum,</span> <span class='ocrx_word' id='word_1_224' title='bbox 385 3245 444 3286; x_wconf 89' lang='lat' dir='ltr'>non</span> <span class='ocrx_word' id='word_1_225' title='bbox 465 3226 558 3302; x_wconf 86' lang='lat' dir='ltr'>magis</span> <span class='ocrx_word' id='word_1_226' title='bbox 578 3227 606 3286; x_wconf 92' lang='lat' dir='ltr'>ei</span> <span class='ocrx_word' id='word_1_227' title='bbox 630 3228 730 3288; x_wconf 80' lang='lat' dir='ltr'>cedere</span> <span class='ocrx_word' id='word_1_228' title='bbox 749 3247 875 3306; x_wconf 90' lang='lat' dir='ltr'>possum,</span> <span class='ocrx_word' id='word_1_229' title='bbox 897 3247 986 3305; x_wconf 91' lang='lat' dir='ltr'>quam</span> <span class='ocrx_word' id='word_1_230' title='bbox 1009 3247 1121 3306; x_wconf 88' lang='lat' dir='ltr'>possum</span> 
     </span>
     <span class='ocr_line' id='line_1_30' title="bbox 168 3326 1121 3406; baseline 0 -20"><span class='ocrx_word' id='word_1_231' title='bbox 168 3346 246 3386; x_wconf 88' lang='lat' dir='ltr'>nune</span> <span class='ocrx_word' id='word_1_232' title='bbox 260 3327 405 3404; x_wconf 83' lang='lat' dir='ltr'>applicare</span> <span class='ocrx_word' id='word_1_233' title='bbox 418 3326 516 3404; x_wconf 83' lang='lat' dir='ltr'>ignem</span> <span class='ocrx_word' id='word_1_234' title='bbox 530 3331 582 3386; x_wconf 90' lang='lat' dir='ltr'>aut</span> <span class='ocrx_word' id='word_1_235' title='bbox 592 3328 765 3388; x_wconf 81' lang='lat' dir='ltr'>manducare</span> <span class='ocrx_word' id='word_1_236' title='bbox 778 3347 881 3406; x_wconf 90' lang='lat' dir='ltr'>panem</span> <span class='ocrx_word' id='word_1_237' title='bbox 894 3327 1017 3386; x_wconf 79' lang='lat' dir='ltr'>nuncin</span> <span class='ocrx_word' id='word_1_238' title='bbox 1031 3327 1121 3388; x_wconf 85' lang='lat' dir='ltr'>Gallia</span> 
     </span>
     <span class='ocr_line' id='line_1_31' title="bbox 168 3426 350 3488; baseline 0.022 -4"><span class='ocrx_word' id='word_1_239' title='bbox 168 3426 350 3488; x_wconf 87' lang='lat' dir='ltr'>existentem.</span> 
     </span>
    </p>

    <p class='ocr_par' dir='ltr' id='par_1_5' title="bbox 170 3525 1117 3706">
     <span class='ocr_line' id='line_1_32' title="bbox 211 3525 1117 3604; baseline 0.007 -22"><span class='ocrx_word' id='word_1_240' title='bbox 211 3531 258 3586; x_wconf 87' lang='lat'>65.</span> <span class='ocrx_word' id='word_1_241' title='bbox 274 3526 316 3587; x_wconf 85' lang='lat'>20.</span> <span class='ocrx_word' id='word_1_242' title='bbox 339 3529 384 3586; x_wconf 90' lang='lat' dir='ltr'>De</span> <span class='ocrx_word' id='word_1_243' title='bbox 398 3526 465 3602; x_wconf 86' lang='lat' dir='ltr'>igne</span> <span class='ocrx_word' id='word_1_244' title='bbox 479 3529 509 3587; x_wconf 87' lang='lat' dir='ltr'>et</span> <span class='ocrx_word' id='word_1_245' title='bbox 518 3546 592 3604; x_wconf 88' lang='lat' dir='ltr'>pane</span> <span class='ocrx_word' id='word_1_246' title='bbox 613 3525 722 3586; x_wconf 86' lang='lat' dir='ltr'>dieitur</span> <span class='ocrx_word' id='word_1_247' title='bbox 740 3525 774 3586; x_wconf 90' lang='lat' dir='ltr'>in</span> <span class='ocrx_word' id='word_1_248' title='bbox 793 3545 898 3602; x_wconf 89' lang='lat' dir='ltr'>genere</span> <span class='ocrx_word' id='word_1_249' title='bbox 912 3545 960 3586; x_wconf 90' lang='lat' dir='ltr'>eos</span> <span class='ocrx_word' id='word_1_250' title='bbox 970 3545 1033 3588; x_wconf 83' lang='lat' dir='ltr'>esse</span> <span class='ocrx_word' id='word_1_251' title='bbox 1046 3526 1117 3587; x_wconf 90' lang='lat' dir='ltr'>suffi-</span> 
     </span>
     <span class='ocr_line' id='line_1_33' title="bbox 170 3623 1116 3706; baseline 0.003 -22"><span class='ocrx_word' id='word_1_252' title='bbox 170 3623 277 3686; x_wconf 83' lang='lat' dir='ltr'>cientes</span> <span class='ocrx_word' id='word_1_253' title='bbox 290 3626 326 3685; x_wconf 90' lang='lat' dir='ltr'>ad</span> <span class='ocrx_word' id='word_1_254' title='bbox 340 3627 565 3687; x_wconf 80' lang='lat' dir='ltr'>comburendum</span> <span class='ocrx_word' id='word_1_255' title='bbox 579 3631 631 3687; x_wconf 88' lang='lat' dir='ltr'>aut</span> <span class='ocrx_word' id='word_1_256' title='bbox 638 3626 826 3688; x_wconf 90' lang='lat' dir='ltr'>nutriendum</span> <span class='ocrx_word' id='word_1_257' title='bbox 838 3645 844 3687; x_wconf 95' lang='lat'><strong>:</strong></span> <span class='ocrx_word' id='word_1_258' title='bbox 866 3627 917 3687; x_wconf 87' lang='lat' dir='ltr'>sed</span> <span class='ocrx_word' id='word_1_259' title='bbox 929 3646 1044 3706; x_wconf 86' lang='lat' dir='ltr'>semper</span> <span class='ocrx_word' id='word_1_260' title='bbox 1056 3645 1116 3704; x_wconf 87' lang='lat' dir='ltr'>sup·</span> 
     </span>
    </p>
   </div>
   <div class='ocr_carea' id='block_1_3' title="bbox 0 0 1219 4308">
    <p class='ocr_par' dir='ltr' id='par_1_6' title="bbox 0 0 1219 4308">
     <span class='ocr_line' id='line_1_34' title="bbox 0 0 1219 4308; baseline 0 0"><span class='ocrx_word' id='word_1_261' title='bbox 0 0 1219 4308; x_wconf 95' lang='lat' dir='ltr'> </span> 
     </span>
    </p>
   </div>
  </div>
 </body>
</html>
