2408 4304
180 438 244 520 436
571 435 627 505 Dc
649 437 787 504 Gratia.
979 437 1075 525 [uror.
1089 458 1141 504 ru.

180 623 243 665 eam
257 621 309 681 pro
323 603 400 664 oerta
412 602 591 666 haberemus.
625 604 755 665 Nonnisi
768 603 908 666 breviter
919 603 991 666 dare
1004 625 1144 684 possumus

179 707 358 782 argumenta,
373 723 424 764 seu
437 703 534 781 potius
554 705 650 784 capita
664 708 920 782 argumentorum,
936 726 1014 784 quar,
1030 726 1096 766 oum
1108 727 1144 765 so

178 805 342 866 latioribus
366 785 604 881 argumentorum
631 807 760 866 adversm
784 806 892 883 partis,
919 807 1007 867 nobis
1028 807 1060 868 id
1085 807 1145 866 olim

179 907 386 986 persuaserunt
400 924 510 982 nosque
523 906 610 966 hodie
623 925 777 984 persuasos
790 909 908 966 teuent.

220 1110 309 1168 *lla
331 1107 516 1186 Arqumeotu.
551 1107 765 1168 nausearum
779 1108 806 1170 Ι.
823 1127 863 1168 ex
877 1108 1046 1187 Scriptura.
1087 1110 1147 1170 Etsi

182 1208 324 1273 eharitati.
339 1211 441 1285 utpote
453 1207 533 1285 operi
546 1207 576 1266 in
590 1227 620 1269 se
632 1209 762 1268 omnium
776 1207 996 1286 perfectissimo
1012 1210 1057 1285 (n.
1072 1211 1144 1289 112),

180 1310 243 1370 vita
261 1312 367 1370 aterna
387 1308 532 1386 praeoipue
552 1309 750 1387 promittatur,
770 1309 880 1388 sapius
903 1313 1018 1383 tamen,
1042 1313 1074 1372 et
1094 1331 1145 1370 non

181 1410 279 1468 minus
292 1410 396 1468 diserte
410 1412 439 1468 et
453 1409 580 1482 definite,
593 1410 683 1470 etiam
703 1409 828 1469 aliarum
847 1410 1000 1470 virtutum
1015 1413 1144 1490 operibus

181 1508 377 1590 promittitur:
401 1509 509 1570 Matth.
524 1530 554 1569 x.
571 1514 625 1583 42;
647 1509 844 1582 xix.17-19;
867 1531 940 1570 xxv.
958 1514 1010 1585 34,
1029 1515 1083 1573 dre.

221 1609 309 1668 *lla
330 1609 542 1668 Aaeuunuruu
567 1610 611 1670 II.
634 1629 673 1668 ex
693 1609 793 1669 eadem
815 1609 990 1687 Scriptura:
1022 1631 1062 1671 ex
1081 1612 1145 1672 loeis

120 1759 124 1766 .
181 1707 213 1768 in
228 1707 336 1786 quibus
350 1709 413 1766 vita
434 1713 542 1768 aeterna
563 1709 669 1768 dieitur
682 1709 746 1768 dari
759 1713 881 1786 propter
895 1730 985 1787 opera
1000 1715 1033 1771 et
1046 1731 1143 1771 seeun-

183 1808 310 1880 dumea,
333 1809 440 1885 absque
454 1809 516 1898 ulla
530 1809 716 1870 distinetione
734 1809 815 1870 faeta
832 1809 913 1870 inter
937 1830 1038 1890 opera.
1079 1812 1143 1873 vid

184 1911 285 1967 textus
302 1927 396 1985 supra,
414 1927 443 1966 n.
463 1911 507 1982 13,
528 1912 572 1982 18,
589 1913 638 1982 21,
655 1913 702 1982 34,
717 1912 765 1968 36.

224 2009 313 2069 l120.
335 2011 547 2070 Aneuururuu
560 2011 623 2072 111.
655 2031 693 2070 ex
708 2011 794 2072 Cone.
824 2012 959 2074 Trident.
983 2033 1058 2074 sess.
1081 2019 1109 2088 6,
1119 2032 1141 2073 a.

99 2149 102 2156 ·
186 2114 222 2172 16
234 2117 306 2172 :—“
319 2112 393 2172 (lum
414 2113 466 2172 ille
487 2113 548 2190 ipse
568 2113 700 2173 Christus
720 2112 818 2188 Jesus,
842 2117 986 2192 tanquam
1008 2120 1100 2194 eaput
1117 2116 1144 2176 in

185 2213 321 2287 membra,
341 2217 371 2273 et
385 2218 525 2291 tanquam
538 2213 609 2274 vitis
622 2214 654 2273 iu
666 2213 812 2292 palmites,
826 2215 859 2274 in
872 2215 954 2293 ipsos
971 2217 1144 2294 justificatos

184 2313 296 2393 jugiter
319 2313 461 2376 virtutem
484 2315 606 2374 influat:
631 2335 698 2393 quae
718 2315 814 2375 virtus
838 2318 917 2376 bona
937 2337 1042 2378 eorum
1065 2337 1145 2396 opera
1195 2327 1196 2330 ’

187 2433 300 2491 semper
314 2414 460 2473 antecedit
473 2417 503 2473 et
517 2413 670 2473 comitatur
686 2417 716 2474 et
729 2415 931 2492 subsequitur,
949 2420 981 2476 et
1005 2417 1070 2477 sine
1092 2436 1146 2494 que

188 2513 271 2572 nullo
285 2517 369 2589 paeto
385 2515 445 2572 Deo
459 2519 541 2588 grata
551 2518 581 2572 et
590 2514 738 2572 meritoria
752 2533 812 2573 esse
827 2518 966 2590 possent:
987 2515 1069 2574 nihil
1081 2515 1146 2593 ipsis

185 2612 356 2690 justificatis
377 2612 503 2688 amplius
524 2614 620 2672 deesse
639 2614 813 2672 eredendum
831 2621 876 2672 est
892 2614 1053 2691 quominus
1065 2616 1145 2692 plene

189 2714 250 2771 illis
265 2712 408 2789 operibus
425 2731 490 2788 quoe
504 2713 535 2772 in
555 2715 617 2772 Deo
636 2724 706 2771 sunt
724 2714 801 2771 faeta
816 2758 822 2774 .
836 2759 843 2774 .
856 2759 863 2774 .
877 2715 990 2774 .vitam
1011 2719 1145 2776 aternam

195 2831 344 2876 ....vere
370 2812 562 2888 promeruisse
588 2813 786 2872 censeantur.''
830 2814 866 2870 ln
888 2813 946 2872 isto
969 2813 1035 2873 loeo
1059 2834 1145 2875 sermo

191 2920 235 2972 est
250 2911 285 2970 de
299 2911 433 2989 operibus
450 2911 596 2988 justorum
612 2924 678 2988 qu'ae
700 2911 778 2970 fiunt
791 2931 827 2970 ex
842 2913 940 2988 gratia
953 2914 1074 2987 actuali,
1089 2913 1144 2974 sire

196 3013 269 3071 fiant
290 3030 328 3069 ex
345 3011 455 3068 motivo
476 3012 626 3071 eharitatis
649 3011 792 3070 elieientis
811 3017 863 3071 aut
882 3013 1060 3090 imperantis
1071 3019 1144 3072 aetu-

192 3112 278 3170 aliter
298 3111 344 3168 vel
362 3111 537 3184 virtualiter,
565 3113 625 3171 sive
647 3133 685 3171 ex
707 3112 762 3171 alio
787 3112 897 3170 motivo
920 3114 1143 3194 supernaturali.
1195 3149 1196 3236 p

194 3213 251 3270 Sed
275 3210 382 3290 diserte
406 3211 490 3269 docet
512 3211 620 3272 concil.
645 3213 702 3270 ista
722 3231 808 3288 opera
830 3231 891 3270 esse
912 3231 983 3272 vere
1003 3213 1142 3273 meritoria

193 3313 263 3371 ritae
288 3315 413 3370 aeternae.
455 3311 532 3386 Ergo
546 3313 739 3388 omniaopera
753 3313 912 3390 justorum,
929 3331 996 3388 quae
1017 3314 1095 3373 fiunt
1110 3332 1141 3372 ex

196 3411 290 3488 gratia
317 3411 432 3484 actuali,
459 3411 519 3470 sire
540 3411 613 3471 fiant
637 3415 686 3472 &a
711 3415 782 3472 sunt
805 3411 963 3472 meritoria.
1006 3413 1085 3490 Ergo
1110 3411 1142 3471 ad

195 3511 332 3570 meritum
346 3529 403 3567 non
418 3513 462 3568 est
474 3511 665 3569 necessarium
678 3511 833 3588 imperium
847 3511 1008 3572 eharitatis.

234 3610 320 3667 lt121.
342 3609 484 3668 Probatur
497 3609 597 3685 major.
633 3611 672 3669 1⁰.
694 3611 732 3670 In
745 3614 831 3670 textu
845 3612 927 3671 ioan.
943 3631 995 3670 xv.
1009 3613 1038 3684 4,
1061 3628 1139 3688 quem

197 3707 230 3764 in
256 3707 351 3764 fronte
378 3705 468 3781 hujus
495 3707 672 3769 definitionis
701 3709 811 3770 indicat
835 3711 1008 3784 Concilium,
1035 3709 1139 3788 signifi-
1195 3783 1196 3802 Χ
