2424 4300
196 397 237 474 96
563 391 619 454 De
635 389 766 455 Gratia.
979 394 1078 478 [nise.
1093 413 1134 456 111.

195 564 283 636 quote
304 558 416 615 viribus
436 556 636 614 naturalibus:
658 558 753 632 Nego.
792 558 830 616 [u
851 577 925 617 vers
943 562 960 622 7
981 559 1136 619 immediate

194 659 374 736 praeoedente
387 657 496 732 legitur
511 662 582 713 :-“
592 655 710 714 Subditi
729 675 798 731 ergo
811 659 903 716 estote
917 659 980 716 Deo
995 679 1003 716 ε
1026 657 1139 718 resistite

195 765 292 818 sutem
305 757 428 828 diabolo,
452 761 483 816 et
504 755 600 832 fugiet
623 775 641 813 s
661 755 776 814 vobis.”
816 757 910 814 Nulla
929 757 978 816 hio
993 757 1101 816 mentio
1112 757 1140 816 fit

195 859 297 934 gratiae
311 877 318 916 :
332 876 403 916 num
423 875 492 932 ergo
511 856 575 916 lnaee
587 855 650 914 sine
663 855 758 930 gatis
776 854 841 914 fieri
859 875 945 932 posse
963 857 1143 918 admitterent

196 955 446 1036 Semipelsgioni?

239 1064 305 1118 106.
330 1059 431 1133 Oh'eet.
457 1059 504 1115 12.
524 1055 711 1132 Propositum
733 1055 814 1132 quod
829 1055 935 1115 hnbnit
947 1057 1051 1116 David
1064 1057 1143 1116 aedii·

197 1158 282 1217 csndi
295 1157 437 1234 templum
451 1155 578 1214 salutare
591 1154 658 1227 fuit,
672 1159 708 1214 ut
721 1159 832 1213 oonstst
846 1174 884 1214 ex
899 1159 916 1213 3
931 1156 1011 1234 Beg.
1027 1157 1091 1216 viii.
1107 1160 1143 1213 18.

197 1260 338 1318 Attamen
360 1275 418 1314 non
436 1253 496 1314 fuit
519 1273 558 1313 ex
580 1253 694 1330 gratis:
715 1254 796 1313 Deus
817 1254 897 1313 enim
909 1256 1012 1332 gretie
1032 1273 1142 1316 suonon

197 1356 309 1416 excitat
328 1355 458 1431 aliquem
480 1353 517 1412 od
538 1373 611 1430 opus
634 1353 825 1426 efficiendum,
852 1355 932 1432 quod
952 1359 1060 1417 temen
1073 1357 1143 1416 obeo

197 1474 255 1514 non
269 1474 330 1514 esse
343 1452 525 1513 efficiendum
537 1452 668 1511 absolute
680 1452 817 1511 decrevit.

241 1555 307 1614 107.
328 1554 412 1628 nup.
434 1552 518 1626 Nego
531 1551 666 1610 ultimum
678 1551 914 1629 propositionem,
927 1554 960 1612 in
973 1574 1039 1632 quo
1052 1556 1145 1616 nititur

198 1655 345 1733 objectio;
365 1671 432 1728 qure
456 1657 555 1709 autem
576 1650 731 1709 fahismms
751 1654 804 1723 est,
825 1658 863 1711 ut
884 1657 1001 1714 constat
1024 1657 1086 1716 solo
1105 1676 1145 1716 ex-

197 1753 293 1830 emplo
321 1751 456 1822 Abmhae,
477 1750 530 1826 qui
552 1770 591 1809 ex
621 1750 758 1808 mandato
779 1751 879 1810 divino
906 1773 1049 1831 expresso
1071 1775 1144 1816 suum

197 1853 293 1911 filium
305 1850 455 1910 immolare
476 1849 589 1910 suunt.
627 1849 710 1909 Deus
726 1850 857 1928 quotidie
876 1853 1033 1915 mentibus
1047 1861 1146 1916 sonote

198 1971 264 2010 rum
284 1949 436 2008 hominum
459 1948 600 2008 desideria
621 1953 651 2008 et
673 1949 863 2024 cogitationes
886 1951 998 2029 ingerit
1012 1956 1052 2015 de
1072 1957 1147 2015 rebus

197 2069 347 2128 nunquam
380 2048 581 2126 exsequendis.
641 2049 709 2108 Non
731 2049 819 2126 penei
839 2051 941 2122 ssnoti,
964 2056 1069 2128 gratio
1097 2055 1147 2113 sine

198 2149 286 2209 dubio
300 2148 432 2221 excitati,
445 2167 504 2206 nou
523 2147 618 2206 solum
638 2149 773 2225 martyrii
796 2149 938 2210 desiderio
952 2153 1076 2214 ardenti
1088 2155 1147 2228 flag-

196 2250 309 2322 rabant,
324 2247 472 2308 sedetiam
485 2247 663 2307 oooosionem
676 2248 741 2324 ejus
751 2250 927 2326 querebant,
939 2251 1053 2328 quibus
1061 2256 1148 2314 temon

197 2349 265 2408 dato
277 2367 336 2407 nou
349 2351 393 2408 est
406 2366 510 2407 oorous
522 2347 582 2407 illa.

151 2455 153 2458 '
240 2450 304 2507 108.
325 2448 408 2506 Alios
428 2450 529 2506 textus
541 2445 744 2524 praetermitto,
759 2449 862 2524 utpote
875 2448 928 2524 qui
939 2469 1044 2511 omues
1059 2453 1149 2513 eodem

198 2545 340 2624 principio
364 2545 449 2605 facile
472 2544 590 2604 enodari
610 2549 741 2622 possunt.
783 2547 977 2607 Praetermitto
999 2551 1095 2610 etism
1107 2571 1149 2612 ex·

199 2646 294 2724 emple
307 2646 439 2723 quiedam
453 2645 543 2704 elloto
561 2643 713 2702 hominum
727 2643 779 2720 qui
799 2663 837 2704 ex
855 2646 958 2724 seipsis
978 2649 1072 2710 initio
1092 2670 1150 2710 oon·

197 2745 338 2804 versionis
350 2746 518 2820 posueruut,
533 2746 568 2801 ut
576 2741 715 2812 Zooehoei,
727 2742 797 2801 boui
805 2742 934 2818 latronis,
952 2749 1148 2809 centurionis:

198 2844 231 2903 hi
244 2844 322 2904 enim
335 2862 433 2902 omnes
446 2844 482 2902 ob
501 2842 586 2901 initio
600 2842 694 2918 grstia
712 2843 771 2904 aeti
794 2850 863 2903 suut
878 2869 887 2918 ς
908 2847 964 2905 etsi
977 2846 1026 2922 id,
1036 2849 1073 2909 iu
1087 2849 1151 2910 loeis

170 3007 175 3012 ,
199 2943 251 3002 ubi
264 2941 397 3018 exempla
418 2941 620 3013 inveniuntur,
642 2960 701 3000 non
725 2941 959 3003 declaretur-in
980 2947 1051 3006 aliis
1080 2947 1151 3008 enim

198 3041 269 3101 loeis
284 3041 441 3117 Scripturae
455 3040 609 3099 necessitas
622 3041 724 3116 gretiae
738 3041 868 3100 obsolute
876 3043 912 3101 sd
925 3042 1047 3104 initium
1064 3046 1152 3106 omnis

199 3137 293 3216 operis
315 3135 450 3194 saluteris
470 3135 576 3195 iterum
596 3137 761 3214 iterumque
793 3143 889 3216 operto
913 3139 1100 3219 affirmatum
1129 3148 1153 3202 et

199 3259 267 3317 ergo
280 3236 373 3316 gretia
385 3236 418 3296 in
430 3236 491 3296 illis
503 3236 573 3296 loois
587 3237 780 3313 intelligitur:
806 3258 836 3299 ιι.
851 3243 899 3313 56,
913 3245 962 3299 91.

397 3415 412 3496 ᾗ
429 3415 456 3474 7.
480 3415 611 3485 Quodam
624 3414 769 3476 solvuntur
781 3418 950 3496 questiones.

244 3542 308 3597 109.
335 3535 479 3606 Quaeritur
493 3534 535 3593 10.
556 3534 606 3594 An
626 3535 663 3594 od
676 3555 760 3597 omne
773 3557 845 3614 opus
868 3539 995 3601 salutaro
1018 3543 1152 3604 absolute

200 3636 358 3700 necessarie
373 3634 480 3695 sitnon
503 3632 595 3692 solum
617 3635 712 3710 gretia
735 3636 904 3698 illuminans
918 3639 1150 3718 (illustrationis,
