2410 4318
39 411 155 464 msc.
179 385 278 482 vnn]
330 384 508 463 Concordia
525 386 651 462 Gootr'o
665 400 698 462 ot
711 385 900 463 Lz'deotolo‘s.
976 409 1036 485 255

43 565 145 625 teria
178 562 314 637 cutem,’'
338 564 388 638 ait,
420 563 522 624 “licet
543 583 577 625 ee
598 583 658 624 esse
680 569 757 624 certo
781 569 910 625 constare
937 565 1038 642 possit,

45 669 175 724 tamen
192 665 339 741 quomodo
352 664 412 724 sint
424 683 483 723 non
503 664 588 724 focile
604 665 798 743 explicatur.''
842 668 906 725 Hoc
919 665 1037 743 quidem

47 763 270 825 verissimum
284 769 347 824 est:
373 765 422 824 sed
436 764 601 823 Thcmiemo
622 764 760 842 objicitur
783 785 841 824 nou
864 767 943 843 quod
965 767 1037 828 adeo

47 867 220 924 obscurus
242 864 281 923 sit
293 867 328 924 ut
346 864 550 941 comprehendi
572 884 631 923 non
651 865 751 941 possit,
766 865 816 925 sed
839 866 917 942 quod
930 865 987 926 duo
1000 867 1036 927 de

50 966 175 1025 eadem
206 984 239 1024 re
265 964 389 1024 affirmet
414 964 491 1024 inter
518 983 548 1024 sc
570 969 668 1041 operte
689 967 889 1042 repugnantia,
915 965 1034 1039 scilicet,

53 1065 202 1126 eundem
218 1067 315 1124 ectum
329 1083 389 1124 esse
409 1061 497 1123 simul
516 1064 640 1123 liberum
661 1067 690 1123 et
703 1064 822 1141 physice
841 1066 1036 1142 praedetermi·

55 1168 191 1224 natum.
239 1163 313 1222 Sene
337 1161 370 1234 si,
385 1167 420 1222 ut
442 1161 573 1222 insinuat
592 1162 849 1234 euct01·,doctrina
871 1163 927 1224 istc
949 1185 1036 1242 argu-

58 1262 183 1322 mentis
219 1260 313 1320 firmis
345 1261 526 1339 probaretur,
555 1266 627 1321 tunc
661 1262 697 1320 cd
729 1263 902 1342 mysterium
935 1264 1037 1325 liceret

62 1363 245 1438 recingere.
288 1361 346 1421 sed
369 1365 484 1420 tentum
509 1361 694 1422 ebestutitc
715 1381 745 1421 se
768 1382 813 1422 res
835 1363 950 1436 habent,
972 1368 1037 1424 ute

63 1461 224 1522 contrario
248 1461 316 1520 dum
331 1481 369 1520 ex
382 1462 474 1521 altera
494 1466 577 1539 porte
600 1481 637 1520 ne
651 1481 742 1520 uuum
768 1463 887 1540 quidem
912 1463 1036 1523 solidum

66 1569 284 1640 argumentum
298 1564 330 1620 in
344 1561 408 1639 ejus
428 1562 552 1640 gretiam
573 1563 719 1640 prolatum
739 1568 791 1635 est,
807 1583 845 1622 ex
865 1563 955 1624 ultera
968 1583 1036 1624 vero

68 1665 259 1741 argumentis
293 1664 343 1742 (ut
377 1663 450 1723 mihi
477 1663 607 1741 videtur)
642 1663 727 1722 cleris
760 1667 791 1723 et
822 1663 941 1724 invictis
970 1669 1036 1724 tum

71 1767 195 1839 directe,
212 1770 247 1825 ut
259 1764 316 1838 hic,
332 1770 395 1825 tum
410 1764 559 1838 indirecte,
575 1768 610 1824 ut
623 1747 707 1836 infre,
722 1784 752 1836 u,
771 1768 836 1838 109,
854 1767 904 1825 dcc.
919 1765 1034 1844 impug-

69 1869 173 1936 netur,

119 1972 167 2026 55.
188 1967 234 2026 ΙΙ.
256 1966 356 2026 Posito
376 1967 544 2026 necessitato
564 1965 693 2044 physioae
713 1965 910 2043 praemotionis
923 1965 959 2025 ed
973 1966 1033 2026 effi-

78 2067 189 2128 caciam
203 2067 314 2144 gratioe,
327 2067 459 2143 sequitur
472 2069 593 2143 gretiam
608 2085 686 2125 mere
699 2065 887 2126 sufficientem
898 2086 958 2126 esce
967 2085 1034 2126 vere

78 2167 312 2228 insufficientem.
346 2167 422 2227 Vere
435 2166 513 2225 enim
525 2166 701 2225 insufficiens
715 2172 759 2226 est
771 2167 865 2242 gretia
877 2185 943 2244 quoe
956 2171 1034 2227 teret

82 2266 194 2327 auxilio
216 2267 348 2326 absolute
373 2265 532 2325 necessario
554 2267 591 2326 ed
614 2266 750 2326 effectum
772 2267 955 2338 habendum:
984 2267 1034 2325 sed

84 2367 178 2444 gretie
199 2367 343 2426 sufficiens
363 2378 442 2425 curet
459 2365 645 2442 prccmotione
667 2365 796 2444 physice,
817 2385 882 2443 quae
902 2366 1033 2425 absolute

83 2465 240 2527 necessarie
253 2471 296 2526 est
309 2467 345 2524 ad
359 2465 493 2526 effectum
507 2465 682 2524 habendum.

127 2571 173 2626 56.
193 2567 358 2642 Respondet
381 2567 533 2624 Brnnuecr
557 2565 592 2642 (l.
616 2585 640 2624 c.
663 2564 688 2644 ἓ.
712 2567 743 2644 3)
765 2564 969 2641 distinguendo
981 2587 1032 2626 :—

89 2668 200 2727 “Istud
213 2668 366 2740 auxilium,
380 2669 460 2728 ultra
473 2669 551 2745 quod
563 2667 723 2745 requiritur
736 2667 824 2742 eliud,
840 2687 898 2726 nen
912 2671 956 2726 est
969 2669 1029 2726 sui-

86 2769 181 2828 ficieus
193 2767 321 2828 obsolute
335 2771 365 2827 et
378 2767 410 2826 in
423 2767 502 2826 omni
516 2767 636 2827 ordine:
658 2767 811 2826 Transeat:
831 2767 861 2827 N
862 2785 899 2826 on
912 2770 956 2826 est
969 2768 1030 2826 suf-

88 2867 181 2928 ficiens
205 2869 235 2926 iu
262 2885 315 2926 suo
342 2866 459 2926 ordine:
494 2867 597 2943 Nego:
629 2867 741 2926 confert
767 2867 845 2926 enim
871 2866 1029 2944 potentium

92 2967 253 3046 completum
267 2972 297 3026 et
310 2966 476 3044 expeditam
490 2967 527 3026 cd
541 2967 694 3042 egendum,
709 2966 753 3026 ite
766 2971 802 3027 ut
814 2967 890 3027 nihil
903 2966 978 3027 desit
992 2987 1030 3026 ex

90 3072 165 3146 perte
177 3066 310 3144 potentioe
331 3086 382 3126 seu
395 3071 477 3128 actus
496 3066 593 3143 primi,
609 3067 687 3126 unde
707 3071 751 3127 est
764 3067 907 3127 sufficiens
925 3067 958 3126 in
978 3086 1029 3126 suo

93 3168 182 3228 ordino
203 3187 252 3227 seu
273 3169 302 3224 io
317 3168 420 3226 rationo
437 3166 564 3242 potentio
588 3163 741 3245 [Remittit
757 3166 805 3227 hic
825 3187 877 3244 pro
897 3167 1030 3244 ampliori

95 3266 256 3344 expositione
281 3267 496 3326 adtractatum
520 3266 555 3325 de
569 3265 678 3338 Gratia,
701 3265 734 3324 iu
755 3285 812 3343 quo
834 3273 930 3325 tamen
953 3266 1030 3325 nihil

96 3367 166 3426 addit
178 3361 388 3445 substantiale}
431 3365 575 3426 ueterum
588 3365 713 3426 breviter
728 3366 791 3424 dieo
804 3371 881 3425 recte
895 3364 953 3424 dici
966 3367 1027 3424 suf·

97 3469 191 3546 ficiens,
206 3473 279 3531 sicut
291 3470 369 3546 ignis
383 3469 489 3528 dieitur
503 3470 693 3530 communiter
706 3470 848 3529 sufficiens
861 3471 898 3529 ad
911 3471 1027 3531 combu-

96 3571 209 3645 rendum,
223 3571 292 3630 licet
305 3569 430 3630 ulterius
450 3569 552 3629 debent
565 3570 703 3647 applicari
716 3576 751 3629 ut
764 3571 928 3630 comburet:
951 3571 1027 3630 sieut
1144 3649 1147 3657 Ι

98 3672 168 3752 penis
184 3671 269 3748 vulgo
297 3670 405 3732 dicitur
430 3669 574 3731 sufficiens
595 3671 632 3731 cd
657 3670 854 3744 nutriendum,
878 3671 948 3734 lieet
967 3691 1025 3732 uon
