2424 4300
78 410 157 454 orsa.
174 389 220 474 u]
247 389 302 451 De
320 386 440 452 Gratia
454 387 547 480 died.
564 387 893 474 &Elea—poseium.
963 412 1025 478 143

110 558 176 615 t56.
191 554 410 614 Perseverantia
421 553 515 612 active
526 554 633 612 dicitnr
646 573 707 614 esse
721 574 759 613 ex
769 555 896 629 auxili03
912 556 1027 634 passiva

71 655 174 715 dicitur
187 673 249 714 esse
264 673 301 712 ex
315 654 406 726 dono;
429 655 479 712 sed
492 657 596 714 neutra
610 653 717 713 dicitur
731 674 792 714 esse
806 674 843 715 ex
857 656 1026 733 privilegio:

71 775 161 832 supra,
178 775 207 814 n.
224 758 272 812 20.

108 855 174 914 ⁴⁶57.
195 853 225 911 N
226 873 264 910 on
278 871 375 911 omues
390 853 465 929 justi
478 853 587 912 habent
605 853 849 930 perseverantiam
861 854 1023 931 passivam

71 954 146 1030 quod
164 953 354 1012 manifestum
375 957 428 1026 est,
455 953 585 1030 alioquin
609 973 708 1013 omnes
730 954 807 1032 justi
833 955 1024 1017 salvarentur.

71 1053 130 1112 Nec
143 1071 241 1111 omnes
251 1051 327 1128 justi
341 1051 450 1111 babent
463 1052 706 1128 perseverantiam
718 1053 844 1112 activam
855 1053 1026 1130 simpliciter

71 1152 173 1211 dictem
184 1154 227 1228 (n.
242 1152 294 1230 51)
307 1173 315 1212 ι
338 1151 425 1211 multi
435 1151 514 1211 enim
528 1155 605 1222 sunt,
618 1151 670 1234 qni
683 1152 769 1212 hodie
779 1152 981 1230 justificantur
995 1158 1025 1215 et

71 1251 149 1311 brevi
162 1256 263 1329 postea
276 1251 306 1310 in
320 1256 471 1328 peccatum
483 1251 627 1311 recidunt.
670 1251 729 1311 Sed
742 1256 854 1312 certum
868 1256 913 1314 est
926 1273 1025 1312 omnes

69 1352 158 1428 justos
177 1371 261 1429 posse
278 1370 460 1428 perseverare
475 1354 505 1410 et
518 1351 613 1410 active
627 1354 657 1410 et
670 1351 792 1428 passive,
808 1353 833 1411 si
846 1353 955 1414 velint:
977 1355 1025 1414 vel

71 1451 143 1511 enim
155 1453 265 1513 habent
277 1452 325 1511 hic
340 1458 370 1511 et
390 1471 469 1510 nunc
492 1451 616 1527 gratiam
633 1450 765 1528 proxime
786 1452 974 1516 sufficientem
988 1453 1025 1512 ad

70 1551 241 1610 tentationes
252 1570 355 1628 graves
370 1550 536 1624 vincendas,
548 1549 596 1610 vel
606 1551 715 1612 habeut
725 1551 849 1626 gratiam
862 1552 1023 1629 proximam

70 1651 202 1710 orationis
215 1652 253 1710 ad
263 1651 342 1709 illam
358 1650 482 1726 gratiam
495 1650 725 1727 impetrandam:
748 1651 776 1711 d.
791 1656 837 1723 12,
853 1671 882 1709 n.
897 1656 960 1724 161,
972 1655 1021 1712 dcc.

106 1755 152 1812 58.
173 1753 254 1820 Quid
275 1757 319 1812 est
339 1752 484 1811 auxilium
505 1751 580 1810 illud
600 1750 734 1828 speciale,
758 1770 822 1810 oum
844 1771 900 1828 qno
920 1752 1023 1829 justus

70 1871 246 1927 perseverare
260 1857 363 1930 potest,
384 1852 447 1912 sine
465 1872 523 1929 quo
536 1870 720 1928 perseverare
732 1869 791 1910 non
804 1850 922 1928 potest?
961 1853 1021 1911 Im·

70 1953 167 2026 primis
189 1953 351 2012 notandum
373 1958 417 2011 est
434 1951 606 2022 Concilium,
632 1950 664 2006 in
686 1969 748 2008 can.
771 1953 819 2022 22,
845 1969 904 2008 non
924 1950 1024 2011 dooere

68 2051 176 2126 justum
190 2073 257 2113 cum
272 2052 384 2110 auxilio
398 2050 517 2128 speciali
533 2068 717 2126 perseverare,
737 2049 786 2108 sed
794 2069 875 2125 posse
888 2070 1021 2128 perseve-

70 2169 152 2224 τινες
174 2156 204 2211 et
224 2153 291 2210 ideo
310 2171 366 2208 non
385 2150 467 2226 loqni
481 2151 516 2208 de
536 2149 603 2226 ipsa
615 2150 838 2226 perseverantia,
860 2151 909 2208 sed
923 2151 959 2210 de
972 2171 1021 2228 po·

71 2251 157 2309 tentia
174 2251 386 2329 perseverandi.
429 2250 495 2308 Hoc
515 2269 553 2308 ex
566 2249 637 2326 ipsis
651 2249 748 2308 verbis
763 2249 881 2309 canonis
900 2250 1022 2328 planum

72 2354 126 2410 ost:
148 2355 177 2411 et
190 2357 289 2412 tamen
302 2351 473 2410 incredibile
494 2353 538 2409 est
558 2352 632 2426 quot
651 2349 777 2424 theologi
791 2347 822 2408 id
844 2367 903 2426 prae
923 2355 1021 2412 mente

70 2467 124 2508 non
146 2451 215 2510 satis
237 2454 401 2510 constanter
422 2451 588 2508 tenuerunt.
631 2449 679 2506 Ex
693 2467 759 2524 quo,
782 2451 863 2508 etex
877 2451 1021 2509 nonsatis

71 2553 175 2610 attenta
195 2549 382 2610 distinctione
402 2549 478 2608 inter
497 2546 739 2624 perseverantiam
760 2547 885 2607 activam
905 2554 935 2608 et
954 2568 1019 2626 pas-

71 2648 165 2722 sivum,
181 2650 304 2711 alteram
318 2651 353 2708 ab
364 2650 456 2708 altera
469 2648 568 2706 sedulo
579 2647 760 2716 secernendo,
778 2654 840 2706 crta
849 2656 892 2706 est
906 2654 1018 2724 pertur-

69 2749 219 2821 batioista,
236 2751 271 2810 de
286 2771 344 2828 qua
351 2751 418 2828 jure
437 2749 570 2826 queritur
584 2745 782 2825 Paaaouu](n.
800 2752 867 2819 203,
883 2750 958 2828 not.)
970 2769 1020 2810 :—

72 2852 89 2880 “
101 2850 144 2907 Ex
159 2870 191 2910 eo
205 2851 283 2928 quod
296 2851 357 2908 haeo
374 2850 410 2907 de
426 2847 639 2924 perseverantia
659 2847 853 2906 controversia
871 2867 928 2906 non
950 2849 1020 2908 satis

71 2947 125 3008 fnit
137 2951 302 3028 explanata,
324 2947 529 3008 molestissima
546 2952 608 3006 orta
621 2949 665 3006 est
678 2947 710 3006 in
724 2947 845 3006 scientia
858 2949 1021 3026 theologica

70 3050 276 3120 perturbatio.'’

107 3153 150 3206 59.
171 3151 218 3208 Ad
230 3148 420 3225 questionem
431 3146 587 3222 respondeo
602 3146 746 3223 duplicem
761 3165 821 3206 esse
836 3146 1018 3209 sententiam.

71 3243 162 3306 Prima
175 3249 298 3307 affirmat
311 3247 456 3306 auxilium
467 3246 542 3304 illud
556 3265 617 3304 esse
632 3246 755 3322 speciale
770 3265 828 3304 non
842 3246 935 3304 solum
949 3267 1019 3323 qua·

71 3347 148 3404 tenus
168 3347 361 3424 distinguitur
377 3367 394 3406 a
412 3345 506 3423 gretia
525 3345 679 3418 habituali,
703 3346 752 3404 sed
773 3345 862 3404 etiam
875 3350 1019 3421 quatenns

71 3442 252 3522 distinguitur
266 3469 282 3506 a
296 3447 398 3523 gratiis
423 3445 586 3505 actualibus
605 3445 758 3504 ordinariis
776 3445 909 3503 omnibns
929 3445 1018 3521 justis

70 3547 210 3620 concessis,
226 3559 255 3606 et
269 3567 329 3606 csse
343 3547 467 3624 gretiam
481 3565 532 3604 seu
546 3545 651 3604 donum
668 3545 812 3621 quoddam
828 3544 973 3620 singulare
987 3549 1017 3605 et

70 3648 334 3710 extraordinarium.
368 3649 471 3708 Altera
482 3646 625 3708 sententia
635 3645 707 3706 dicit
717 3645 880 3706 Concilium
889 3645 1017 3707 voluisse
