2410 4314
154 335 174 398 6
527 327 584 392 De
601 325 732 394 Gratia.
959 331 1066 414 [urse.
1093 355 1119 398 s.

151 493 255 576 gratia,
278 493 310 555 id
330 491 479 571 significat
502 493 581 574 quod
593 497 650 554 'est
671 494 721 555 vel
743 495 806 572 ipsa
826 497 932 554 natura
944 497 1000 567 rei,
1015 497 1070 558 vel
1084 498 1119 557 in

151 595 211 656 isto
222 599 329 656 natura
348 593 524 665 continetur,
537 593 586 654 uel
599 594 636 654 ab
649 593 774 667 calluit,
788 594 837 654 rel
850 594 878 654 ei
892 595 1016 656 debetur
1027 617 1036 668 ;
1058 597 1117 668 ita,

150 715 167 758 a
191 693 341 766 contrario,
365 693 576 770 supernaturale
595 714 732 754 vocamus
757 693 789 752 id
816 695 895 772 quod
925 703 1041 756 naturae
1070 698 1116 758 rei

151 795 284 874 superius
297 798 342 856 est
355 805 384 856 et
399 793 597 868 excellentius,
613 795 690 872 quod
704 814 758 854 uec
771 793 803 854 iu
817 814 852 854 ea
864 795 1042 870 continetur,
1055 817 1112 858 nec

156 915 194 956 ax
221 913 256 955 ea
275 893 352 967 duit,
377 911 431 954 uec
454 891 483 954 ci
506 893 637 954 debetur.
686 893 752 968 Sed,
781 913 849 954 cum
875 896 1115 972 supernaturalis

152 995 275 1056 diverse
298 998 370 1054 sunt
390 992 510 1072 species,
532 1012 567 1054 ea
582 992 631 1053 hic
656 993 765 1072 species
788 997 922 1056 accurate
943 995 1115 1058 definienda

152 1100 205 1170 est,
221 1093 257 1156 dc
270 1113 330 1174 qua
343 1093 375 1154 in
387 1093 444 1156 hoc
456 1096 584 1155 tractatu
598 1111 691 1156 sermo
704 1093 838 1156 habetur.

192 1199 219 1254 8.
245 1195 286 1256 1⁰.
307 1195 378 1256 Essa
400 1195 551 1274 potentin
563 1213 623 1256 uno
647 1193 748 1256 ordine
764 1195 877 1256 antium
899 1193 1014 1276 aliquid
1035 1215 1113 1274 pure

149 1295 291 1370 naturale,
308 1295 386 1374 quod
400 1295 431 1354 in
445 1295 503 1356 alio
523 1293 624 1354 ordine
645 1300 720 1355 essct
740 1295 858 1355 omuino
879 1298 1112 1374 supernaturale.

149 1395 198 1456 Sic
212 1395 307 1456 multe
320 1393 435 1454 suntin
449 1394 562 1472 augelis
574 1394 727 1468 naturalia,
744 1414 810 1472 quae
831 1394 863 1454 iu
882 1395 1000 1456 homins
1020 1395 1111 1474 plane

149 1495 384 1574 supernaturalia
403 1501 516 1568 osseum
539 1500 574 1554 ut
594 1515 655 1556 esse
675 1494 844 1568 invisibilis,
859 1497 984 1555 transire
996 1494 1029 1555 in
1043 1515 1109 1556 rno-

148 1601 246 1657 mento
268 1593 408 1674 temporis
428 1614 446 1655 a
466 1593 529 1656 loco
550 1595 582 1654 in
606 1593 698 1654 alium
717 1594 814 1654 locum
833 1593 1037 1674 longinquum,
1052 1597 1105 1658 duc.

148 1695 250 1758 Multa
263 1699 332 1757 sunt
350 1695 386 1756 'iu
406 1693 522 1755 homine
545 1693 699 1768 naturalia,
721 1714 787 1772 quae
807 1695 840 1754 in
859 1695 952 1756 bestia
965 1715 1104 1774 superna·
1188 1707 1189 1762 1

149 1797 257 1858 toralia
279 1801 384 1870 essent,
406 1799 441 1855 ut
461 1814 533 1855 usus
554 1793 716 1855 sermonis:
737 1795 857 1856 Numer.
881 1795 955 1856 xxii.
980 1797 1028 1868 28,
1053 1801 1102 1856 ὅθ.
1188 1795 1189 1824 r

149 1895 327 1958 Sannnsmc.
341 1895 369 1954 d.
390 1899 414 1968 1,
430 1915 459 1954 n.
477 1899 504 1958 7.

189 2001 217 2055 9.
239 1993 280 2054 2⁰.
301 1995 343 2055 Ut
356 1993 468 2072 aliquid
482 1992 654 2072 simpliciter
677 1998 707 2054 et
727 1993 806 2055 omni
819 2014 858 2055 ex
870 1997 953 2073 parto
966 1995 1102 2054 naturale

148 2095 194 2169 sit,
210 2113 267 2156 non
282 2093 376 2155 solum
398 2092 431 2153 in
453 2112 483 2155 sc
505 2091 564 2153 tale
589 2112 651 2154 asse
672 2093 767 2168 debet,
791 2094 842 2154 sed
863 2093 952 2154 etium
971 2093 1101 2156 naturali

148 2194 231 2256 modo
244 2193 345 2256 haberi
359 2192 453 2254 debet
493 2191 575 2253 Hinc
597 2192 680 2252 aliud
700 2197 745 2253 est
768 2193 989 2272 supernaturale
1005 2213 1061 2272 par
1073 2213 1102 2251 aa

146 2293 228 2356 aliud
236 2313 292 2372 par
304 2291 437 2354 occidens.
480 2291 707 2371 Supernaturale
728 2297 774 2354 est
796 2313 849 2371 per
870 2293 1003 2353 accidens
1023 2293 1101 2372 quod

146 2393 265 2474 quidam
278 2395 310 2454 iu
323 2396 430 2454 natura
452 2392 496 2454 rei
519 2393 692 2468 continetur,
717 2399 769 2453 aut
791 2393 983 2467 excelluit,
1008 2397 1061 2453 aut
1074 2392 1100 2453 ei

147 2495 277 2569 debetur,
293 2493 344 2556 sed
367 2493 416 2554 hio
434 2499 465 2554 at
485 2513 565 2554 nuuc
586 2514 645 2554 uon
668 2493 842 2554 naturaliter
865 2494 916 2554 sed
928 2493 1098 2554 miraculose

146 2593 285 2669 hebetum
307 2598 342 2654 ut
355 2593 387 2654 in
400 2592 516 2654 homine
530 2612 604 2654 caco
618 2597 773 2667 autunto,
789 2593 837 2654 cui
850 2593 930 2655 visus
943 2597 995 2654 aut
1008 2593 1097 2654 oratio

147 2712 198 2772 per
210 2693 383 2754 miraculum
397 2693 574 2755 redderetur.
615 2693 843 2772 Supernaturale
856 2713 908 2772 per
922 2713 951 2754 se
965 2693 1098 2772 estquod

147 2793 315 2854 nullomodo
339 2793 504 2855 continetur
526 2793 558 2853 in
579 2797 685 2854 natura
707 2793 759 2866 rei,
786 2813 882 2872 neque
906 2813 944 2874 ex
964 2813 999 2853 es
1019 2793 1094 2867 fluit,

148 2911 243 2972 neque
270 2891 298 2953 ei
318 2892 459 2968 debetur;
491 2893 627 2973 quodque
651 2911 719 2970 ergo
745 2892 873 2954 naturali
893 2893 977 2953 modo
999 2893 1107 2954 haberi

148 3011 206 3054 uon
228 2997 331 3071 potest.
382 2993 447 3054 Hoc
469 2993 554 3052 modo
575 2992 793 3070 supernaturale
813 2996 888 3053 esset
906 2991 1017 3052 homini
1037 3012 1095 3054 anr-

148 3091 250 3156 bulare
264 3111 472 3172 superaquam,
485 3093 583 3153 volare
601 3092 664 3153 aris
678 3091 770 3153 instar
782 3098 834 3170 per
847 3112 951 3154 acrem.
992 3094 1096 3171 Super·

148 3192 281 3254 naturale
300 3211 352 3272 per
378 3211 408 3253 so
436 3191 591 3270 aliquando
617 3196 737 3254 vocatur
757 3194 976 3271 supernaturale
1003 3191 1096 3272 quoad

147 3289 300 3354 entitatem
313 3311 364 3354 seu
378 3291 577 3352 substantiam.

191 3395 236 3455 10.
258 3393 298 3453 3⁰.
318 3391 387 3452 Alia
401 3401 445 3453 est
458 3390 606 3452 distinctio
627 3393 889 3471 supernaturalium
904 3413 970 3472 quse
984 3391 1094 3472 proprie

148 3491 185 3552 ad
198 3492 349 3554 materiam
362 3492 452 3570 hujus
466 3497 606 3552 tractatus
616 3497 737 3572 spectat.
780 3493 1007 3571 Supernaturala
1020 3492 1094 3554 enim

148 3591 197 3654 rel
210 3591 361 3654 ordinatur
374 3593 411 3654 ad
424 3591 661 3655 sanctificandam
682 3597 844 3656 creaturam
867 3593 898 3654 io
920 3592 978 3666 via,
993 3599 1024 3655 et
1035 3611 1094 3654 esu
