2402 4292
66 383 155 438 nrsr.
172 361 260 456 vnn]
312 372 490 436 Concordia
509 363 637 438 Gratia
651 381 684 436 et
698 362 890 436 Libertatis.
961 372 1023 457 289

66 558 125 598 nos
138 537 234 598 omnia
247 541 276 598 et
289 530 404 614 singula
421 530 498 598 diota
521 541 661 612 Moerum,
688 557 739 615 per
760 531 878 596 modurn
892 539 1024 616 expliea-

67 638 171 711 tionis,
187 638 364 713 argumenti,
386 631 455 709 aa,
470 639 513 698 ita
535 637 758 698 invulnerabilia
779 657 840 697 esse
857 637 1026 698 nullomodo

66 738 214 797 affirmare
226 738 312 798 vella.
353 737 410 796 Isti
420 739 498 797 enim
518 733 682 799 doctissimo
696 741 726 797 et
739 737 896 796 clarissimo
916 735 1029 799 auctori

68 837 159 899 facile
172 837 338 914 contingere
359 839 464 916 potuit,
481 841 559 916 quod
572 843 602 899 et
615 839 680 898 aliis
700 838 873 898 doctissimis
887 841 917 898 et
930 839 1028 898 claris·

71 941 156 1000 simis
169 940 333 1000 auctoribus
351 940 482 1016 contigit,
495 941 655 1018 praesertim
677 940 710 1000 in
733 931 855 1001 materia
875 934 986 998 difficili
999 944 1029 1000 et

71 1043 196 1102 obscura
209 1045 239 1101 et
252 1041 287 1100 ab
298 1043 535 1102 antecedentibus
549 1041 715 1103 auctoribus
727 1041 841 1101 nou'ita
854 1041 987 1100 funditus
1000 1047 1030 1101 et
1086 1065 1090 1074 ·

73 1143 225 1202 subtiliter
238 1161 367 1217 excussa,
382 1146 426 1216 ut,
442 1163 554 1222 nempe,
571 1164 604 1204 ea
617 1143 773 1221 aliquando
792 1143 940 1218 proferant
960 1161 1028 1219 quae

72 1243 163 1320 plane
176 1243 291 1301 infirmo
304 1247 382 1316 sunt,
397 1243 506 1321 inepta,
528 1244 584 1304 sibi
608 1243 706 1302 minus
719 1241 902 1302 coherentia.
945 1242 1030 1312 Quod

74 1362 147 1418 ergo
161 1361 247 1420 supra
260 1344 295 1402 de
309 1347 464 1421 systemate
485 1343 646 1404 Moliniano
668 1343 780 1402 dictum
801 1345 853 1414 est,
869 1343 904 1400 de
918 1359 951 1400 eo
965 1346 1030 1400 tan·

74 1447 143 1503 tum
157 1443 253 1520 quoad
268 1443 457 1504 substantiam
470 1447 501 1504 et
513 1443 617 1522 capita,
633 1446 669 1503 ut
682 1435 769 1520 supra
782 1443 923 1515 enarrate,
939 1439 1029 1518 signi·

74 1543 248 1604 ficarivolo.

316 1783 377 1862 §4-
400 1781 528 1862 Syrticae
552 1781 782 1862 Oooyraiaticam.

122 1944 188 2002 120.
210 1940 348 2002 Diversae
369 1941 459 2020 hujus
482 1945 646 2020 systematis
660 1942 852 2002 enarrationes
866 1941 945 2019 apud
963 1927 1031 2001 auc·

75 2043 165 2114 tores,
177 2041 337 2117 prasertim
357 2042 539 2114 recentiores,
553 2043 678 2120 prolatas
691 2043 773 2101 video
787 2060 793 2099 τ
815 2041 858 2100 ita
870 2049 914 2112 ut,
931 2059 1032 2100 secun·

79 2142 154 2200 dum
181 2159 270 2221 unam
293 2141 570 2219 interpretationem,
599 2161 655 2200 non
678 2143 806 2200 multum
829 2161 847 2200 a
870 2128 1032 2200 Moliniano

76 2239 202 2314 recedat,
218 2241 377 2300 secundum
399 2241 518 2300 alteram
540 2259 618 2313 vero,
633 2242 669 2299 ad
685 2239 935 2317 Augustiuianum
954 2225 1034 2298 haud

76 2357 192 2416 pamm,
205 2340 300 2416 quoad
313 2359 383 2414 rem,
396 2341 521 2412 accedat,
535 2340 596 2398 looo
607 2339 807 2414 delectationis
820 2337 948 2398 victricis
962 2356 1032 2415 pou·

76 2439 153 2498 endo
164 2440 383 2516 congruitatem.
404 2438 571 2516 Explicatio
582 2440 715 2497 Bonsrnr
727 2437 757 2517 (S
767 2437 838 2514 433)
850 2455 909 2514 prae
920 2437 1031 2509 ceteris,

80 2555 149 2616 quae
163 2538 261 2597 minus
281 2538 394 2616 prolixe
412 2543 539 2598 exaratae
563 2541 640 2612 sunt,
661 2537 755 2598 verior
777 2537 861 2596 nobis
881 2539 912 2597 et
931 2535 1034 2596 clarior

78 2658 142 2697 esse
156 2637 280 2698 videtur.

124 2743 190 2796 121.
215 2739 294 2798 “Ad
307 2739 510 2815 praecavendas
523 2757 643 2814 magnas
663 2735 854 2808 difficultates,
870 2753 934 2812 quoe
944 2737 1034 2812 syste-

82 2838 157 2898 mati
169 2839 289 2898 Molinre
304 2839 529 2915 opponebantur,
550 2838 585 2896 ol.
610 2837 726 2909 Suarer,
743 2835 868 2894 eximius
883 2833 1035 2893 societatis

81 2941 155 2998 dean
169 2939 341 3014 Theologus,
358 2938 438 2997 aliud
459 2943 584 3015 systema
597 2942 769 3009 construere,
786 2955 836 2994 seu
850 2935 947 3012 potius
960 2933 1035 2992 illud

80 3039 202 3098 Molinae
216 3040 348 3116 mitigare
357 3045 387 3098 et
396 3040 557 3112 emendare,
569 3040 650 3096 nisus
664 3041 717 3096 est.
760 3036 913 3112 Duplioem
927 3023 1035 3093 ideirco

80 3138 206 3216 gratiam
220 3139 365 3212 distinxit,
388 3159 476 3198 unam
497 3157 647 3216 coayraom
660 3143 690 3196 et
703 3137 824 3204 alteram
844 3136 1032 3210 c'acouyrnam.

81 3238 183 3297 Prima
206 3257 333 3314 congrua
355 3239 557 3315 dicitur,·quia
578 3249 622 3296 est
643 3225 857 3296 accommodata
870 3233 971 3306 indoli,
987 3233 1033 3291 in·

83 3337 290 3397 elimationibus
304 3342 334 3397 et
347 3338 410 3396 aliis
424 3336 650 3396 circumstantiis
674 3335 764 3406 illius,
780 3334 830 3410 qui
845 3353 907 3392 eam
921 3333 1033 3408 recipit,

81 3445 110 3498 et
124 3438 154 3495 in
171 3437 276 3513 quibus
289 3437 371 3496 Deus
384 3457 435 3514 per
445 3426 596 3495 scientiam
607 3435 731 3493 mediam
740 3435 774 3495 ab
785 3439 890 3492 aeterno
901 3431 1037 3509 praevidit

81 3537 179 3613 ipsum
202 3535 400 3593 infallibiliter
423 3551 648 3592 consensurum:
670 3533 714 3590 ita
736 3535 769 3590 ut
788 3533 850 3589 haec
863 3530 956 3606 gratia
970 3549 1036 3587 con·

82 3654 156 3713 grua
168 3653 272 3712 compar
285 3635 324 3695 sit
338 3635 439 3696 efficax
451 3655 458 3706 ;
481 3634 552 3693 alias
562 3651 621 3692 nou
635 3633 709 3692 foret
721 3650 856 3708 congrua,
870 3634 900 3690 et
912 3629 992 3690 Deus
1005 3628 1037 3690 iu

540 3737 576 3792 14
