2408 4304
63 406 259 496 msr.x11.]
459 401 665 477 DcMerilo.
975 431 1038 495 429

64 575 340 657 supererogationis
355 599 364 648 ς
385 576 436 638 sed
459 597 534 655 opus
552 580 740 657 praeseptum,
764 596 817 656 per
836 596 871 638 se
887 578 918 638 et
935 577 1039 638 oeteris

61 677 207 757 paribus,
222 675 316 754 magis
330 678 374 736 est
388 676 570 738 meritorium
594 698 681 756 quam
705 677 783 738 idem
803 697 876 756 opus
889 697 949 738 non
961 696 1036 755 pra·

64 781 215 856 eeptum:
237 777 269 836 in
283 775 373 853 priori
394 777 472 837 enim
496 778 577 838 adest
597 779 735 840 meritum
749 783 812 838 tum
834 777 928 857 operis
951 777 984 838 in
1008 798 1038 839 se

64 883 144 938 tum
160 875 332 938 obedientie

118 983 169 1037 98.
191 979 253 1037 Imo
275 996 348 1055 opus
370 977 404 1037 in
427 997 457 1038 se
475 977 655 1052 indifferens,
683 978 762 1057 qnod
784 998 838 1038 neo
858 977 972 1039 oonsilii
985 998 1038 1040 nee

70 1076 219 1157 proeoepti
239 1080 291 1151 est,
307 1079 403 1155 potest
416 1077 490 1138 effiei
510 1078 701 1154 meritorium,
716 1083 751 1140 ut
764 1078 932 1152 ambulatio,
947 1075 1038 1138 animi

69 1176 220 1239 remissio.
259 1179 333 1238 Haee
354 1177 433 1238 enim
456 1178 588 1255 praestari
608 1183 740 1256 possunt,
756 1199 784 1240 v.
794 1200 822 1256 g.
838 1179 1036 1256 aprofessore,

71 1277 261 1352 confessario,
273 1279 323 1339 &a
334 1284 369 1338 ut
380 1277 474 1356 aptior
483 1278 622 1340 reddatur
632 1279 669 1340 ad
678 1278 771 1340 officia
780 1299 833 1340 sua
842 1279 1035 1356 exsequenda,

74 1379 117 1439 ad
130 1379 271 1458 majorem
283 1380 339 1440 Dei
350 1379 473 1457 gloriam
487 1384 518 1442 et
529 1380 653 1442 salutem
668 1379 839 1440 animarum.

119 1486 169 1542 99.
186 1481 229 1542 4⁰.
250 1481 346 1543 Debet
367 1501 428 1542 essa
448 1483 671 1560 supernaturale
689 1481 722 1541 in
743 1479 896 1560 principio,
922 1482 943 1542 i.
952 1500 977 1542 e.
999 1499 1038 1554 ex

73 1581 175 1660 gratia
193 1581 361 1659 proaedere:
384 1581 515 1660 alioquin
535 1582 704 1662 nequidem
722 1581 892 1660 simpliciter
911 1581 1038 1641 salutare

74 1687 163 1756 esset,
186 1683 296 1743 nedum
318 1681 509 1744 meritorium.
550 1684 590 1743 In
609 1681 658 1743 bis
681 1685 808 1761 quatuor
821 1681 1037 1743 conditionibus

77 1783 259 1862 apponendis
273 1803 380 1856 omnes,
395 1784 475 1862 quod
494 1781 593 1857 seiam,
617 1797 719 1860 graves
737 1787 867 1843 auctores
886 1779 1038 1846 unanimes

77 1889 160 1946 sunt.
201 1885 260 1946 Sed
273 1885 311 1946 de
324 1885 379 1946 hae
392 1889 496 1964 quarta
509 1884 673 1946 oonditione
690 1884 756 1944 duae
771 1887 925 1944 moventur
938 1901 1034 1960 quaes·

76 1986 184 2047 tiones.
227 1987 268 2046 10.
289 1986 398 2047 Utrum
419 1986 544 2048 sufficiat
564 1985 741 2066 principium
754 1985 856 2064 gratiae
866 1983 1035 2060 habitualis,

78 2109 119 2150 an
131 2107 200 2150 vero
214 2088 383 2168 requiratur
396 2088 485 2150 etiam
499 2090 593 2168 gratia
607 2087 752 2151 aetualis?
792 2087 946 2151 Sententia
959 2087 1035 2148 affir-

79 2207 164 2250 mans
176 2189 379 2252 nenessitatem
392 2191 495 2268 gratiae
515 2190 638 2252 actualis
658 2191 746 2268 longe
759 2190 940 2250 eommunior
953 2197 998 2249 est
1008 2191 1037 2249 st

80 2291 157 2351 mihi
169 2292 367 2370 probabilior:
387 2293 439 2354 vid
458 2292 538 2356 diota
551 2294 579 2353 d.
596 2299 623 2354 3.
638 2313 668 2353 n.
688 2295 836 2368 119-121,
850 2296 880 2353 et
892 2293 1035 2364 viseum,

82 2392 112 2454 d.
128 2395 195 2466 217,
211 2411 241 2453 n.
255 2397 303 2466 40,
321 2395 371 2454 ue.

126 2489 191 2555 10'0.
207 2495 251 2557 2⁰.
272 2497 321 2556 An
341 2515 414 2574 opus
436 2494 617 2558 meritorium
641 2495 728 2556 debet
738 2513 800 2556 esse
818 2492 1038 2573 supernaturale

65 2613 142 2654 =non
154 2597 270 2655 tantum
290 2596 323 2656 in
345 2596 490 2676 principio
515 2597 564 2656 sed
589 2594 678 2656 etiam
698 2594 731 2654 in
753 2594 873 2668 motivo,
896 2595 917 2656 i.
927 2615 953 2656 e.
973 2593 1038 2654 fieri

83 2701 200 2777 propter
213 2695 355 2757 motivum
368 2716 406 2756 ex
419 2697 485 2772 fide,
502 2700 532 2757 et
544 2715 603 2755 non
616 2715 655 2756 ex
667 2689 748 2756 mera
765 2693 878 2755 ratione
897 2691 1037 2767 naturali,

85 2797 232 2876 cognitum
246 2801 276 2858 et
288 2794 457 2858 creditum?
496 2795 647 2858 Sententia
660 2794 839 2856 communior
850 2796 903 2874 (et,
920 2797 956 2854 ut
964 2790 1038 2852 mibi

85 2899 210 2971 videtur,
235 2899 329 2959 multo
353 2898 545 2977 communior)
569 2898 711 2959 affirmat:
744 2901 915 2974 argumenta
940 2897 1038 2956 autem

87 3018 151 3078 quae
174 3000 211 3059 ad
235 3018 298 3059 eam
318 2999 495 3077 probandam
508 2999 625 3077 'passim
646 2997 727 3076 apud
749 3001 888 3072 auctores,
917 2999 1038 3074 excepto

88 3103 229 3163 Summo
252 3101 290 3179 (o.
318 3105 363 3176 10,
384 3120 413 3162 n.
439 3101 558 3180 lo-ra),
579 3099 772 3164 inveniuntur
785 3097 859 3158 mibi
872 3097 943 3159 satis
955 3098 1040 3158 firma

89 3221 145 3262 non
158 3205 237 3262 sunt.
276 3200 419 3279 Praeoipui
430 3201 594 3278 argumenti
607 3200 708 3262 eximii
718 3200 842 3261 doctoris
850 3217 963 3259 summa
975 3197 1040 3259 heo

89 3305 139 3362 est.
179 3301 267 3362 Fides
280 3301 435 3362 exhibetur
447 3301 479 3361 in
494 3301 646 3380 Scriptura
659 3303 756 3379 (Rom.
768 3301 808 3360 iv.
824 3305 860 3372 3;
883 3299 947 3360 Gal.
962 3318 990 3358 v.
1000 3303 1037 3370 ὃς

88 3403 107 3464 J
107 3402 181 3464 aoob.
196 3401 229 3461 ii.
244 3402 348 3480 2l,2l)
362 3405 398 3462 ut
409 3401 494 3462 radix
508 3405 538 3462 et
549 3401 771 3462 frmdamentum
791 3399 884 3460 omnis
893 3398 1039 3478 justifies

88 3502 181 3578 tionis,
196 3495 254 3564 non
268 3504 360 3564 solum
374 3503 475 3583 primae
489 3503 539 3564 sed
553 3503 695 3576 secundae,
711 3519 763 3563 seu
776 3500 869 3562 omnis
888 3497 1037 3578 augmenti

90 3602 188 3682 gratia
212 3604 426 3676 sanctificantis,
450 3607 481 3666 et
502 3623 569 3681 ergo
588 3602 682 3664 omnis
701 3601 817 3664 meriti:
838 3601 1037 3680 quadrarum

91 3724 146 3766 non
167 3708 249 3780 esset,-
277 3706 302 3767 si
323 3725 395 3786 opus
416 3725 455 3768 ox
474 3704 583 3768 motivo
606 3703 717 3766 ratione
735 3703 796 3765 sola
815 3722 866 3766 seu
886 3702 944 3764 fide
963 3713 1038 3781 pure
