2424 4300
163 453 221 512 1²4
528 435 584 500 Dc
601 434 729 500 Gratiis.
967 436 1067 520 [urar.
1082 459 1115 502 v.

204 602 246 656 ld.
272 603 316 659 60.
340 599 396 658 Sed
409 603 444 658 ut
457 601 628 660 concilietur
647 578 711 662 luae
731 600 862 660 doctrina
880 601 1031 661 catholica
1050 621 1118 660 cum

157 699 292 760 libertate
306 718 382 776 quae,
401 701 562 759 secuudum
578 703 664 760 aliam
685 701 845 760 doctrinam
861 701 1052 770 catholicam,
1067 722 1117 761 ue·

160 799 281 860 cessaria
295 807 338 859 est
352 800 388 858 ad
402 803 561 877 peccatum,
586 803 634 861 hio
657 803 748 876 labor,
768 803 824 860 hoc
843 821 917 879 opus
936 807 990 862 est.
1031 802 1119 868 Quod

158 901 235 962 enim
249 899 421 979 simpliciter
444 903 636 962 necessarium
659 907 712 975 est,
733 907 884 980 peccatum
907 922 966 962 non
979 907 1044 962 est:
1067 905 1119 962 sed

158 999 329 1078 simpliciter
349 1001 543 1061 necessarium
567 1007 612 1062 est
635 1007 670 1062 ut
688 1005 793 1062 Petrus
809 1004 910 1079 justus
924 1022 963 1060 ex
977 1023 1005 1062 v.
1016 1024 1045 1079 g.
1063 1004 1116 1061 tri-

159 1101 241 1176 ginta
254 1100 463 1161 tentationibus
484 1121 550 1179 quae
574 1123 643 1162 oum
663 1123 715 1179 per
732 1107 822 1160 totam
842 1103 918 1161 haue
931 1103 1010 1161 diem
1024 1103 1117 1179 impe·

159 1203 235 1272 tunt,
263 1200 349 1260 alicui
362 1201 410 1262 vel
430 1201 578 1279 aliquibus
599 1203 684 1261 cedat
704 1203 752 1260 vel
776 1202 935 1261 deliberate
957 1204 1007 1261 rel
1031 1204 1117 1262 semi·

159 1303 324 1362 deliberate.
365 1302 538 1364 Difficultati
551 1303 620 1362 huis
635 1303 828 1362 communiter
843 1304 1021 1380 respondent
1034 1305 1118 1364 theo·

158 1401 227 1478 logi,
253 1402 381 1463 dicentes
402 1407 552 1482 peccatum
571 1404 648 1481 quod
662 1405 776 1475 Petrus,
791 1423 829 1462 ex
851 1402 919 1461 istis
941 1402 1068 1478 triginta
1081 1404 1118 1462 ad

159 1524 223 1582 quos
246 1505 380 1579 allicitur,
406 1507 601 1566 infallibiliter
630 1509 803 1579 committet,
829 1526 888 1564 non
910 1526 972 1566 esse
996 1507 1118 1585 aliquod

159 1625 259 1665 sorum
280 1606 506 1666 determinatum
530 1608 580 1666 sed
602 1607 720 1666 omnino
745 1607 1021 1679 indeterminatum
1045 1609 1119 1666 adso

158 1709 193 1766 ut
217 1707 252 1766 de
270 1706 394 1783 singulis
420 1707 619 1767 determinatis
645 1711 742 1784 potest
763 1707 820 1766 dici
844 1727 910 1766 eum
934 1727 1018 1784 posse
1041 1707 1117 1771 illud

159 1805 260 1864 vitare.

200 1905 267 1964 l16.
289 1906 320 1964 Si
341 1909 439 1964 contra
459 1906 515 1965 hoc
539 1905 652 1965 dicatur
669 1907 739 1965 :'—“
752 1907 911 1982 Fingamus
935 1905 1000 1964 dari
1026 1907 1115 1966 telem

162 2005 360 2066 necessitatem
385 2025 488 2082 vagam
510 2006 601 2066 relato
616 2007 652 2065 ad
666 2007 764 2065 decem
788 2004 951 2065 occasiones
963 2007 1113 2083 peccandi,

163 2108 233 2163 tunc
248 2104 347 2164 vitatis
361 2124 464 2165 norem
477 2105 649 2172 venialibus,
671 2110 701 2164 et
715 2105 856 2182 superatis
876 2105 999 2164 totidem
1019 2124 1118 2164 neces-

163 2200 306 2273 sitatibus,
322 2201 407 2260 homo
419 2203 538 2261 haberet
552 2200 755 2261 necessitatem
768 2201 988 2260 determinatam
1003 2202 1042 2260 ad
1051 2221 1118 2260 cou-

163 2300 346 2360 sentisndum
372 2301 489 2361 decimas
512 2301 686 2361 tentationi:
709 2321 777 2378 ergo
801 2301 956 2360 necessitas
970 2320 1047 2376 vaga
1067 2303 1118 2360 de·

155 2405 244 2464 ¹beret
257 2403 350 2480 redigi
365 2404 401 2462 ad
415 2403 665 2464 determinatam.''

202 2506 269 2565 ⁴⁵17.
290 2503 378 2576 Huic,
395 2507 500 2580 praetor
513 2503 579 2573 alia,
600 2503 755 2580 respondet
778 2501 922 2573 Srnoaan,
942 2501 970 2559 d.
997 2506 1025 2574 4,
1043 2522 1072 2579 q.
1090 2507 1118 2573 2,

164 2627 186 2664 u.
201 2609 229 2676 5,
246 2625 275 2663 n.
295 2610 325 2664 ll
342 2605 504 2664 :-“Talis
527 2623 609 2663 casus
629 2623 687 2662 non
709 2606 753 2662 est
776 2603 813 2662 ad
834 2621 912 2662 rem:
936 2601 1006 2678 quia
1028 2601 1061 2660 in
1085 2623 1119 2661 eo

164 2710 367 2782 supponuntur
392 2723 489 2762 omnes
512 2704 673 2763 occasiones
692 2703 793 2763 vitatas
807 2721 900 2780 usque
914 2703 949 2760 ad
964 2701 1118 2772 ultimam

163 2806 241 2881 quod
253 2806 283 2862 in
296 2807 394 2863 nostra
408 2804 567 2881 quaestione
589 2804 624 2862 de
648 2807 709 2862 toto
732 2803 802 2862 vitae
826 2807 955 2878 tompore
975 2802 1121 2878 usquead

162 2904 296 2962 ultimam
310 2903 500 2962 tentationem
515 2903 638 2980 supponi
651 2902 760 2979 nequit.
804 2901 888 2968 Quod
908 2901 933 2959 si
953 2905 1051 2961 autom
1064 2901 1120 2960 hoc

163 3007 350 3080 supponatur,
378 3004 441 3062 dico
462 3007 533 3062 tuna
563 3005 710 3062 hominem
743 3021 826 3080 possa
850 3000 999 3061 moraliter
1024 3002 1119 3062 vitare

153 3089 251 3162 'etiam
277 3102 415 3161 ultimum
443 3107 611 3179 peccatum:
643 3102 806 3163 interimiu
820 3102 873 3161 tali
894 3121 963 3161 casu
976 3101 1049 3161 vitas
1066 3102 1119 3160 diu

162 3202 294 3261 durantis
303 3203 364 3280 jam
380 3202 496 3260 daretur
510 3201 631 3278 speciale
644 3203 864 3280 privilegium.''

205 3309 250 3362 18.
274 3303 331 3364 Sed
353 3308 452 3362 contra
474 3302 645 3362 solutionem
667 3303 846 3362 difficultatis
868 3304 910 3380 (n.
928 3302 980 3379 15)
1002 3301 1120 3360 aliaest

162 3403 285 3480 objectio
307 3405 371 3472 hac,
396 3407 430 3476 ut
451 3403 525 3462 mihi
546 3403 670 3476 videtur,
697 3404 782 3480 longe
805 3403 929 3480 gravior.
982 3402 1118 3461 Indeter·-

163 3505 273 3564 minata
283 3506 400 3583 quidem
412 3510 456 3566 est
469 3505 590 3565 tentatio
602 3506 648 3564 cui
663 3506 744 3564 cedet
765 3506 877 3576 Petrus,
894 3523 926 3562 eo
941 3522 1027 3561 sensu
1041 3504 1120 3580 quod

162 3627 215 3667 nco
229 3609 336 3668 Petrus
349 3628 401 3668 nec
415 3608 495 3667 ullus
515 3607 590 3666 alius
610 3610 705 3685 potest
726 3605 918 3678 detcrmiuare
932 3625 982 3664 seu
999 3623 1119 3680 cognos-

164 3727 227 3768 cere
240 3727 372 3785 queenam
397 3707 435 3768 sit
454 3708 507 3767 illa
527 3727 565 3768 ex
587 3709 649 3768 tota
670 3705 743 3767 serie
757 3707 961 3776 tentationum,
976 3704 997 3765 i.
1010 3724 1035 3764 e.
1051 3723 1120 3780 quas
