2408 4304
173 419 235 488 452
550 393 606 468 De
624 395 760 469 Gratzia.
960 399 1061 487 [urse.
1075 415 1134 464 rm.

171 569 285 631 Ultima
299 569 388 630 rerba
409 569 548 628 tractatus
567 569 711 629 brevioris
733 571 762 631 S.
777 571 936 629 Amnonsr
951 569 988 628 de
1003 567 1136 627 Oratione
1194 593 1195 604 2

171 671 234 730 haeo
256 668 452 730 sunt:-“Si
475 667 600 726 oraveris
622 667 708 748 [cum
733 669 843 730 debitis
864 668 1092 736 conditionibus,
1110 678 1137 724 et

171 766 244 842 ideo,
267 769 345 829 inter
369 767 435 839 alia,
460 768 705 848 perseveranter],
734 775 812 830 certo
833 767 1017 839 salvaberis;
1041 767 1138 826 sinon

171 868 305 939 oraveris,
322 873 399 928 certo
413 866 620 927 damnaberia’'
1195 893 1196 954 q

214 972 280 1026 166.
301 968 412 1028 Multos
426 971 556 1027 auctores
570 967 606 1026 de
619 967 674 1027 hac
686 969 849 1046 quaestione
863 969 1030 1046 diligenter
1043 967 1139 1044 explo-

172 1068 244 1142 ravi,
260 1088 385 1146 quorum
396 1068 528 1144 plerique
541 1086 605 1125 eam
619 1067 748 1127 strictim
761 1089 815 1128 nec
830 1068 900 1127 satis
912 1068 993 1127 clare
1007 1071 1139 1126 tractant.

174 1169 345 1230 Susunzrnn
360 1167 462 1227 ceteris
483 1166 617 1225 omnibus
638 1172 853 1244 anteponerem.
897 1167 1011 1227 (lenaeo
1026 1185 1139 1243 respon·

174 1268 267 1328 aiones
281 1269 370 1341 datas,
386 1287 416 1328 n.
433 1271 539 1339 161-4,
554 1267 649 1344 quoad
662 1286 725 1326 rem
741 1289 759 1327 a
772 1273 869 1327 mente
883 1266 1016 1327 doctoris
1031 1265 1138 1335 eximii,

173 1375 261 1448 prout
284 1389 347 1429 eam
361 1389 398 1429 ex
411 1369 465 1427 hoc
485 1367 580 1446 capita
600 1371 631 1428 et
650 1388 689 1428 ex
709 1351 777 1428 aliis
797 1389 898 1447 capere
918 1368 1015 1446 potui,
1033 1369 1138 1432 aliems

173 1491 232 1532 non
245 1492 315 1532 esse.

213 1573 279 1640 167.
300 1571 392 1633 Multi
413 1571 540 1650 theologi
563 1573 633 1632 dant
659 1573 739 1649 61966
763 1573 908 1650 quadam,
936 1572 1051 1650 quibus
1075 1569 1137 1650 quis
1196 1563 1198 1582 ⁴

171 1673 270 1754 possit,
290 1673 357 1751 plus
378 1653 475 1732 minus
496 1671 693 1750 probabiliter,
708 1672 845 1750 judicare
866 1693 897 1732 se
920 1693 985 1732 esse
1005 1673 1039 1731 in
1060 1677 1135 1731 statu

172 1773 283 1850 gratiae,
303 1773 359 1847 vel,
386 1773 489 1834 saltem
503 1771 747 1850 conjecturaliter,
764 1793 795 1832 sc
809 1792 871 1832 essa
882 1773 1134 1850 praedestinatum.
1198 1759 1199 1768 ¹

172 1871 231 1932 His
251 1891 310 1932 non
323 1871 459 1947 Jmultum
482 1870 626 1932 absimilia
648 1875 718 1930 sunt
732 1871 823 1930 media
836 1872 875 1932 ad
889 1871 1136 1949 perseverantiam

172 1972 290 2032 finalem
304 1973 516 2051 assequendam.
557 1970 703 2038 Quoniam
726 1991 773 2031 res
793 1975 836 2032 est
861 1974 971 2032 summi
985 1973 1134 2045 momenti,

172 2071 275 2131 horum
289 2076 435 2151 praecipua
448 2074 496 2132 hic
510 2075 660 2150 proferam.
840 2056 844 2062 ¹

214 2175 280 2230 168.
301 2173 433 2232 Primum
446 2172 575 2232 medium
588 2176 632 2230 est
646 2170 823 2230 consolantia
833 2169 973 2230 timorata
987 2191 1040 2231 sen
1054 2171 1133 2231 facile
1200 2215 1201 2224 .

172 2270 298 2332 sentiens
313 2274 416 2352 (quam
431 2273 461 2332 S.
476 2275 616 2332 Iouarrus
631 2270 778 2331 delicatam
798 2275 902 2332 vocat:
929 2277 950 2305 “
964 2272 1088 2349 Regula
1101 2271 1133 2329 dc
1200 2267 1201 2292 ³

170 2371 368 2449 Scmpnlis”),
392 2393 451 2450 qua
473 2392 578 2449 magno
590 2372 707 2430 horrore
727 2371 853 2430 habetur
866 2377 1130 2449 omna-peccatum,

171 2490 229 2531 non
253 2473 347 2532 solum
370 2473 492 2532 mortale
516 2472 609 2550 (quod
632 2471 721 2532 ctiam
743 2471 921 2531 conscientia
945 2471 1130 2549 aliquatenus

170 2575 240 2636 laxa
253 2577 374 2657 horret),
390 2578 440 2637 sed
455 2578 658 2656 quodcumque
678 2575 794 2636 veniale
814 2576 904 2653 plene
923 2575 1127 2648 deliberatum,

170 2678 329 2752 praesmtim
364 2677 535 2751 habitualc3
571 2697 638 2737 curn
671 2676 741 2752 fuga
774 2675 912 2752 diligenti
948 2676 1130 2736 occasionum

170 2775 291 2852 peccati.

213 2880 278 2937 169.
302 2877 457 2937 Secundum
480 2879 525 2936 est
549 2875 702 2937 humilitas
726 2878 838 2936 sincera
851 2879 881 2937 ct
894 2877 990 2937 cordis
1005 2875 1128 2938 etintel-

171 2974 265 3052 loctus
283 2975 393 3054 (supra,
409 2995 439 3036 n.
461 2978 530 3055 68):
553 2995 640 3053 quam
660 2977 825 3050 comitatur,
840 2981 893 3036 661
913 2997 951 3037 ex
972 2995 1035 3054 qua
1047 2975 1128 3036 facila

169 3079 328 3151 enascatur,
345 3077 415 3152 fuga
428 3076 613 3153 dignitatum,
630 3077 732 3137 saltem
747 3075 867 3137 evitatio
881 3076 1013 3136 ambitus
1037 3076 1128 3153 digni·

167 3181 272 3251 tatum,
287 3179 487 3253 mansuetudo,
509 3177 651 3256 patientia
675 3182 705 3238 et
727 3177 882 3238 tolerantia
905 3177 1125 3244 calumniarum,

167 3279 409 3340 contumeliarum
424 3283 454 3338 et
468 3279 589 3338 aliarum
610 3277 794 3355 injuriarum,
817 3297 976 3355 earumque
996 3277 1086 3338 venia
1099 3281 1127 3336 61

167 3379 297 3439 remissio
311 3397 350 3438 ex
363 3378 468 3438 corde:
488 3378 634 3438 11611166.
648 3384 675 3452 4,
689 3381 794 3451 10-12,
807 3381 861 3451 24;
883 3378 926 3438 xi.
937 3382 993 3452 29;
1017 3383 1037 3436 2
1052 3377 1123 3436 Tim.

166 3477 209 3538 iii.
228 3483 284 3546 12:
308 3481 359 3540 &a

220 3585 285 3644 170.
318 3581 444 3641 Tertium
471 3585 514 3642 est
539 3579 734 3658 frequentatio
762 3583 1006 3639 sacramentorum
1028 3574 1125 3654 poeni·

165 3681 266 3740 tentia
288 3684 318 3740 61
340 3665 531 3742 eucharistia.
575 3681 714 3750 Quartum
734 3682 778 3740 est
799 3676 914 3739 dovotio
935 3695 1043 3754 magna
1057 3694 1123 3752 erga
