2410 4318
49 419 148 463 msr.
162 396 243 488 vra]
313 394 369 458 De
386 393 507 458 &atria
520 392 611 480 Effic
625 393 789 480 etSuffic.
968 416 1029 478 ²15

51 563 143 642 quod
158 561 222 639 ipsi
236 562 266 621 et
279 579 378 620 eorum
398 564 496 636 patres
516 555 603 619 toties
624 562 654 618 et
675 559 745 618 adeo
760 560 886 639 turpiter
905 561 1031 640 prolapsi

53 663 134 723 sint.

98 761 152 822 67.
170 761 215 820 2⁰.
233 759 265 820 Si
278 758 373 820 Titius
387 758 616 818 coneturOaium
630 757 762 819 attollere
771 758 803 819 in
813 757 910 819 looum
923 760 1028 835 altum,

50 864 86 924 in
98 882 200 942 quem
214 861 309 933 (laius,
332 860 390 920 nisi
410 861 488 919 Titio
503 861 676 932 auxiliante,
691 861 860 921 nullomodo
874 864 1027 924 ascendere

47 963 175 1040 potest;
202 962 232 1019 et
246 959 271 1018 si
284 959 381 1018 Titius
394 958 541 1018 auxilium
557 959 624 1019 Caio
638 959 714 1018 ferat
727 979 794 1020 vero
811 959 956 1020 sufficiens
971 980 1030 1040 quo

47 1062 110 1120 iste
124 1061 210 1120 bene
224 1059 374 1118 ascendere
389 1062 492 1136 potest,
507 1059 584 1118 Titio
605 1059 647 1118 sio
666 1059 809 1120 incitante
824 1065 854 1120 et
868 1061 1025 1139 adjuvante

49 1159 164 1220 Gaium
185 1161 223 1218 ut
236 1159 388 1231 aseendat;
411 1163 441 1218 et
455 1159 479 1216 si
493 1159 580 1218 Caius
605 1161 723 1220 maneat
742 1159 908 1220 voluntaria
921 1160 953 1220 in
963 1161 1026 1222 looo

52 1258 228 1331 humiliori,
249 1261 279 1319 et
301 1277 358 1318 non
380 1259 535 1331 ascendat3
568 1261 640 1317 tuno
665 1277 733 1318 vere
757 1258 904 1320 diceretur
926 1260 1028 1320 (laium

54 1359 142 1419 Titio
166 1357 313 1418 resistere.
365 1357 396 1417 Si
419 1377 487 1417 vero
504 1351 599 1416 ⁴Caius
620 1355 685 1416 ideo
716 1376 776 1416 non
798 1359 935 1419 ascendat
959 1361 1030 1438 quia

56 1457 217 1518 auxilium
231 1456 340 1517 alitio
354 1456 519 1535 praestitum
538 1476 656 1534 prorsus
669 1476 729 1516 non
743 1457 888 1518 suffieions
901 1462 954 1530 eet,
970 1479 1029 1518 non

55 1579 129 1618 vere
154 1558 304 1618 dioeretnr
326 1557 458 1616 resistere
483 1557 572 1630 Titio,
597 1555 648 1615 sed
672 1556 770 1634 potius
792 1558 828 1616 ab
842 1577 875 1617 eo
898 1557 985 1618 illudi
999 1565 1029 1619 et

57 1657 211 1733 sugillari.
254 1657 302 1716 Sio
316 1677 392 1732 ergo,
404 1676 471 1716 oum
480 1657 499 1715 J
500 1655 578 1716 udoei
588 1675 646 1714 non
656 1659 815 1733 potuerunt
828 1659 920 1717 totam
933 1657 1028 1734 legem

57 1775 180 1815 servare
216 1757 267 1816 aut
298 1755 411 1834 aliquid
436 1755 562 1816 salutare
597 1755 709 1832 operari
730 1755 787 1818 nisi
815 1755 973 1834 adjuvante
998 1759 1027 1819 S.

59 1855 189 1932 Spiritu,
209 1855 267 1914 diei
281 1874 465 1932 nequaquam
486 1858 581 1932 potest
602 1873 649 1914 eos
664 1853 692 1913 ei
705 1853 856 1929 restitisse,
873 1855 931 1916 nisi
946 1857 982 1918 ab
994 1877 1027 1918 eo

59 1954 248 2031 accepissent
262 1955 373 2015 auxilia
385 1973 453 2013 vero
466 1959 495 2013 et
509 1954 626 2014 omnino
641 1954 826 2015 sufficientia.

102 2059 152 2114 68.
175 2055 322 2114 Probatur
335 2053 491 2132 propositio
514 2057 559 2113 ex'
570 2054 635 2113 aliis
655 2055 757 2113 multis
770 2053 842 2114 loeis
857 2055 1023 2134 Soripturae,

59 2169 177 2231 nempe,
204 2173 243 2212 ex
264 2153 398 2213 omnibus
419 2152 479 2212 illis
500 2153 580 2225 loois,
605 2153 785 2230 “inquibus
797 2155 909 2232 peooati
928 2157 1025 2216 redar-

61 2257 200 2328 guuntur
210 2253 351 2326 homines,
367 2253 419 2330 qui
428 2253 612 2330 pergratiam
626 2253 815 2314 suffioientem
828 2275 887 2313 non
901 2275 1024 2332 operan-

61 2355 131 2414 tur:
155 2353 264 2414 namsi
277 2355 331 2413 hoo
345 2353 405 2412 illis
416 2355 452 2412 ad
466 2354 581 2432 eulpam
595 2355 745 2424 tribuitur,
760 2357 887 2432 proferto
902 2377 1023 2418 exeusa-

62 2453 175 2512 tionem
189 2472 251 2512 non
263 2454 372 2513 habent
383 2453 399 2479 ’¹
416 2455 521 2532 (Susa.
536 2454 556 2512 1.
573 2457 601 2527 4,
617 2473 640 2513 e.
653 2459 681 2526 2,
697 2473 725 2514 n.
742 2455 772 2532 8)
785 2477 793 2530 ;
815 2455 932 2532 qualem
946 2461 1023 2516 nerto

60 2547 216 2620 baberent,
232 2548 257 2608 si
270 2551 365 2628 gratia
380 2569 446 2609 vere
461 2549 604 2608 suffloiens
618 2549 654 2608 iis
668 2553 774 2627 praesto
785 2570 843 2610 non
858 2554 942 2610 esset.

328 2786 343 2866 ἓ
361 2789 384 2849 7.
409 2786 564 2846 Solvuntur
583 2786 757 2864 Otjeeta'onea.

105 2950 154 3006 69.
184 2947 279 3024 Objeot.
299 2949 322 3005 l.
345 2945 509 3018 Auxilium,
527 2945 562 3005 de
575 2965 632 3023 quo
653 2945 834 3023 quaestio'est
847 2946 879 3006 in
893 2947 1022 3007 textibus

67 3044 136 3120 illis,
151 3067 213 3108 non
226 3051 271 3108 eet
284 3048 378 3124 gratia
401 3047 516 3106 interna
530 3047 580 3106 sed
594 3051 724 3120 externa,
746 3068 859 3126 nempe,
877 3049 907 3108 S.
925 3049 1022 3128 Serip-

68 3147 143 3222 tnra,
158 3149 423 3226 praedioatioverbi,
441 3151 491 3208 &a
532 3150 578 3208 Ita
593 3149 742 3210 Onnvrnns
756 3152 833 3229 apud
848 3151 938 3224 Sora,
953 3151 974 3212 l.
990 3157 1018 3225 4,

68 3266 92 3306 e.
108 3254 136 3322 3,
152 3271 182 3312 n.
201 3257 227 3311 1.
874 3293 877 3299 -

107 3352 155 3410 70.
176 3353 262 3428 Raso.
285 3352 376 3430 Nego.
417 3349 528 3421 Gratia,
551 3348 586 3408 de
600 3368 657 3426 qua
671 3347 702 3407 in
717 3349 848 3408 textibus
861 3352 967 3426 agitur,
983 3370 1021 3410 ex

65 3447 126 3523 jam
138 3454 275 3530 probatio,
291 3457 336 3514 est
349 3471 417 3512 vere
438 3451 581 3512 sufficiens
595 3450 631 3508 ad
645 3451 823 3527 operandum
843 3451 1018 3512 salutariter.

71 3551 135 3624 Sed,
150 3574 188 3614 ex
201 3556 328 3634 probatis
349 3557 449 3615 eontra
471 3551 649 3629 Pelagianos,
675 3551 793 3610 nullum
806 3570 880 3628 opus
895 3551 1020 3612 salutare

71 3651 130 3714 sine
143 3657 235 3732 gratia
254 3657 368 3718 interna
389 3653 454 3715 fieri
467 3655 573 3732 potest.
614 3653 748 3730 Insuper,
769 3655 869 3712 textus
890 3653 975 3714 Isaiae
990 3658 1020 3715 et
