2410 4318
163 403 224 480 184
526 400 582 468 De
598 403 729 469 Gratia.
954 399 1052 487 [nise.
1068 420 1117 468 m.

158 569 239 641 itam,
254 569 397 629 anteferre
420 569 539 628 ridetur
557 571 634 629 idem
648 573 686 630 A.
700 571 822 629 Lamus.
863 569 1034 629 Secundum
1042 569 1120 628 hano
1197 561 1198 602 ¹

158 667 438 744 interpretationem,
460 669 545 728 arbor
566 671 645 729 mala
667 691 726 729 non
745 667 893 747 signifieat
905 688 1121 746 quemeumque

158 772 339 845 peomtorem
352 769 400 828 rel
413 774 603 847 peecatorem,
626 775 663 829 ut
685 771 736 842 sie,
762 771 813 830 sed
827 769 935 829 fulsum
948 769 1122 846 prophetam

158 869 252 943 (unde
264 873 371 946 putant
388 869 507 947 quidam
528 869 619 929 alium
643 890 705 930 esse
726 889 812 929 usum
835 869 968 947 ejusdem
982 868 1122 928 similitu·
1197 897 1198 914 κ

159 967 236 1026 dinis
248 970 326 1045 apnd
339 969 411 1028 Lne.
426 969 467 1027 ri.
483 975 520 1028 43
533 993 541 1029 :
567 971 620 1029 alii
632 990 701 1030 vero
714 970 818 1029 dieunt
830 970 943 1029 Lucam
956 989 1019 1028 esse
1032 969 1120 1028 inter·

159 1068 330 1144 pretandnm
360 1090 399 1128 ex
423 1071 576 1147 blathaeo).
618 1071 683 1130 Hoe
706 1069 777 1129 satis
798 1069 989 1128 manifestum
1017 1073 1062 1128 est
1085 1088 1124 1127 ex
1197 1067 1198 1140 Q

159 1187 240 1225 nexu
252 1168 343 1246 hujus
362 1169 467 1228 versic.
484 1173 520 1228 18
544 1191 611 1230 enm
630 1169 869 1230 antecedentibus
889 1171 921 1228 et
939 1187 1123 1246 consequen-

159 1267 239 1327 tibns
261 1269 364 1330 versic.
392 1275 488 1328 15-20
500 1277 574 1330 :-“
584 1271 737 1330 Attendite
760 1290 778 1328 a
797 1269 879 1328 falsis
891 1269 1054 1348 prophetis,
1070 1269 1122 1348 qui

158 1367 282 1427 veniunt
301 1370 339 1428 nd
361 1389 413 1428 ros
433 1370 466 1428 in
488 1371 670 1430 vestimentis
690 1369 806 1429 orium:
828 1369 1009 1429 intrinsecus
1023 1375 1124 1430 autem

158 1475 229 1529 sunt
253 1471 318 1548 lupi
344 1491 472 1550 rapaces.
514 1476 542 1531 A
568 1473 714 1532 fructibus
740 1491 832 1530 eorum
859 1473 1042 1547 cognoscetis
1069 1491 1124 1530 eos.
1197 1493 1198 1496 ¹

157 1570 311 1648 Numquid
333 1573 477 1650 eolligunt
497 1573 533 1631 de
557 1573 650 1649 spinis
672 1591 754 1643 uras,
776 1577 828 1630 aut
840 1571 877 1630 de
888 1571 1010 1630 tribulis
1023 1571 1125 1631 fieus?

158 1670 207 1729 Sio
231 1673 325 1732 omnis
349 1676 433 1733 arbor
456 1674 532 1731 bonn
555 1673 671 1732 fructus
693 1673 783 1731 bonos
801 1671 897 1730 facit:
917 1672 999 1730 mala
1023 1678 1125 1731 autem

159 1771 244 1830 arbor
266 1772 358 1831 mulos
380 1774 494 1832 fruetus
515 1772 596 1832 facit
637 1773 706 1831 Non
726 1775 822 1848 potest
841 1771 926 1830 arbor
938 1772 1018 1830 bone
1031 1771 1125 1830 malos

159 1870 273 1930 fruetus
295 1874 409 1932 faeere:
432 1892 527 1949 neque
551 1873 636 1931 arbor
662 1872 740 1931 mala
765 1873 855 1930 bonos
881 1872 997 1930 fruetus
1017 1873 1125 1932 faeere.

160 1971 263 2030 Omnis
276 1975 367 2044 arbor,
383 1994 447 2051 qun
468 1992 528 2031 non
550 1973 621 2032 fauit
641 1973 770 2031 fructum
783 1973 900 2044 bonum,
913 1971 1079 2046 exornetur,
1096 1977 1126 2032 et

160 2069 302 2146 inignem
315 2074 458 2134 mittetur.
498 2073 596 2150 linitur
617 2093 656 2133 ex
678 2073 822 2132 fructibus
835 2091 927 2131 eorum
943 2072 1126 2149 cognoscetis

161 2169 232 2230 eos.’'
1013 2177 1016 2184 '

200 2272 269 2331 ¹¹81.
292 2273 349 2333 Sed
363 2274 416 2351 qni
430 2277 501 2334 sunt
521 2273 589 2332 falsi
612 2273 770 2350 prophetae,
794 2275 824 2330 et
847 2270 901 2348 qui
924 2275 995 2331 sunt
1008 2273 1126 2330 fruetus

161 2372 285 2432 eorum?
327 2375 369 2434 1⁰.
390 2375 537 2452 Propheta
556 2373 587 2432 in
608 2373 759 2449 Scriptura
779 2370 954 2448 regulariter
975 2372 1125 2448 significat

162 2473 315 2549 doctorem,
342 2477 394 2554 qui
414 2495 537 2536 munere
560 2476 632 2534 ulios
655 2473 776 2533 docendi
796 2471 940 2550 fungitur,
956 2476 1009 2532 aut
1022 2472 1126 2531 futura

161 2576 275 2636 oeoulta
288 2579 479 2654 praedicendo,
505 2581 556 2636 aut
576 2596 683 2635 novam
705 2575 915 2634 revelationem
938 2573 1123 2650 proferendo,

162 2683 213 2738 out
223 2679 284 2756 jam
298 2680 432 2752 revelata,
449 2699 477 2738 v.
490 2700 518 2755 g.
534 2677 663 2738 difficilia
676 2677 739 2736 loca
753 2677 919 2754 scripturae,
936 2675 1123 2752 explicando.

162 2779 285 2856 Insuper
317 2779 461 2856 signifieat
491 2777 540 2836 vel
573 2779 710 2836 connotat
743 2776 887 2835 doctorem
905 2777 941 2833 ut
966 2773 1124 2833 habentem

163 2879 363 2939 auctoritatem
377 2879 413 2937 ad
427 2878 587 2936 docendum
602 2879 722 2954 (veram,
746 2877 770 2933 si
792 2875 933 2952 propheta
954 2894 1045 2933 verus
1067 2873 1123 2945 sit;

163 2979 337 3050 simulatam,
364 2978 390 3036 si
410 2977 500 3036 falsus
525 2977 587 3054 sit),
613 2981 644 3035 et
665 2977 837 3052 frequentur
857 2977 893 3032 ut
919 2972 1088 3050 specialiter
1109 2993 1126 3030 a

163 3081 224 3138 Deo
248 3078 369 3137 missum
396 3083 426 3137 et
452 3077 540 3136 etiam
568 3075 712 3136 divinitus
733 3073 915 3152 inspiratum.
966 3073 1124 3150 Prophetae

162 3179 229 3238 falsi
252 3178 517 3256 (ψευδοπροφηται)
539 3177 588 3236 hio
611 3176 674 3235 sine
698 3175 786 3234 dubio
810 3173 856 3233 illi
880 3176 951 3232 sunt
974 3173 1028 3250 qui
1053 3173 1124 3233 reli·

163 3279 278 3355 gionem
303 3279 349 3338 vel
372 3277 533 3337 doctrinam
556 3276 717 3354 praedicant
737 3275 783 3334 vel
804 3279 895 3333 totam
919 3273 968 3332 vel
988 3293 1026 3332 ex
1041 3279 1124 3352 parte

163 3398 274 3450 novam,
290 3379 401 3438 nullam
411 3378 447 3436 ad
461 3377 491 3436 id
504 3378 644 3435 habentes
654 3374 820 3434 missionem
833 3392 940 3432 reram.

197 3481 264 3538 ⁹⁶82.
280 3479 323 3539 2⁰.
335 3478 602 3537 Fructusfalsorum
609 3475 816 3553 prophetarum
825 3471 1124 3532 manifestoachristo

162 3578 330 3640 indicantur
340 3584 374 3639 ut
388 3579 470 3654 signa
483 3597 533 3636 seu
552 3580 638 3648 notae,
655 3574 812 3652 etquidem
833 3572 964 3650 positivae
979 3577 1010 3631 et
1024 3579 1121 3645 oertae‚

163 3680 269 3757 quibus
296 3681 471 3740 evincuntur
502 3698 563 3736 esse
593 3675 657 3734 salsi
686 3675 897 3752 prophetae-‘⁶
909 3693 946 3732 ex
975 3673 1124 3733 fructibus
