2402 4292
171 440 234 506 274
547 417 604 489 De
619 417 750 489 Gratia.
940 416 1047 506 [mer.
1063 437 1135 486 vm.

169 589 264 668 grstia
286 587 468 666 praeveniens
489 591 542 659 est,
571 590 608 648 ad
631 593 715 650 actus
734 587 823 648 liberi
847 587 966 648 arbitrii
990 607 1133 665 superna-

169 691 279 750 turales
291 689 398 766 quibus
411 688 448 747 cd
460 687 585 764 gratiam
598 708 629 750 se
642 689 781 766 disponit.
823 687 961 748 Primum
975 693 1044 747 erat
1058 687 1137 765 qnod

169 807 326 848 concursus
344 789 400 848 Dei
421 788 619 865 generalised
642 794 726 849 actus
747 787 899 848 naturales
916 806 980 848 non
997 791 1048 847 cst
1066 807 1135 848 cou-

169 906 274 947 curaus
296 887 353 947 Dei
378 886 412 946 in
437 885 563 947 liberum
590 887 745 948 arbitrium
771 891 808 948 ut
831 906 919 947 musa
941 891 991 947 est
1012 887 1136 947 illorum

169 991 299 1061 actuum,
321 987 408 1066 quasi
429 986 514 1065 prius
534 987 677 1066 suscipiat
696 987 730 1047 in
752 1007 784 1048 aa
802 1007 871 1047 eum
891 990 1022 1061 motum,
1043 1002 1136 1066 ecque

169 1087 333 1166 applicetur
345 1091 376 1148 et
387 1091 491 1165 petens
503 1087 643 1148 reddatur
656 1087 694 1147 ad
705 1086 889 1147 induendum
901 1085 937 1146 in
949 1092 1070 1161 actum,
1085 1088 1135 1148 sed

170 1191 215 1248 est
225 1185 358 1247 influxus
376 1186 564 1248 immediatus
577 1205 637 1246 una
655 1205 724 1248 cum
736 1186 830 1246 libero
846 1184 972 1246 arbitrio
985 1186 1019 1246 in
1034 1191 1135 1247 actum

170 1285 283 1366 [supra
298 1306 328 1346 n.
345 1285 418 1365 15]:
441 1291 473 1347 at
486 1306 554 1347 vere
574 1285 720 1346 auxilium
736 1285 840 1362 gratia
860 1286 1088 1364 praevenientis,
1102 1306 1135 1347 ea

171 1405 209 1446 ex
222 1391 305 1464 parte
321 1383 382 1464 qni
404 1385 500 1462 gratia
517 1385 699 1463 praeveniens
716 1389 771 1458 est,
793 1389 839 1446 eat
859 1383 997 1446 influxus
1021 1385 1084 1446 Dei
1102 1385 1133 1444 in

170 1484 296 1546 liberum
315 1485 550 1564 arbitriumque
570 1485 646 1546 illud
662 1487 762 1545 movet
779 1488 810 1545 et
824 1483 944 1558 excitat,
964 1489 1132 1563 potensque

170 1585 268 1646 reddit
282 1589 319 1647 ut
330 1605 364 1646 ec
377 1591 462 1663 pacto
479 1590 601 1654 motum.
622 1589 764 1663 tanquam
782 1585 894 1646 hebens
907 1583 975 1663 jam
988 1585 1023 1645 in
1038 1586 1131 1664 seipso

170 1684 350 1762 principium
360 1683 489 1744 efficiens
502 1689 623 1745 actuum
636 1683 915 1762 supernaturalium,
932 1683 1028 1743 simul
1041 1683 1129 1743 influ-

171 1786 245 1845 endo
265 1784 390 1846 ulterius
412 1805 461 1846 ecs
483 1787 633 1864 producat.
676 1784 845 1845 Secundum
865 1783 1037 1858 discrimen,
1054 1785 1129 1864 quod

171 1905 210 1944 ex
228 1887 283 1944 hoc
301 1886 395 1962 primo
417 1884 520 1957 oritur,
538 1889 610 1958 erat,
634 1883 713 1962 quod
725 1883 860 1944 influxus
873 1882 931 1943 Dei
944 1903 1016 1944 cnm
1036 1885 1129 1945 libero

172 1984 292 2044 arbitrio
304 2003 357 2062 per
369 2001 539 2044 concursum
559 1983 724 2060 generalem
740 1984 778 2043 ed
796 1987 881 2043 actus
901 1983 1057 2044 naturales
1077 2003 1128 2044 nec

168 2087 298 2161 tempore
315 2103 370 2144 nec
389 2088 496 2146 natura
515 2084 662 2144 antecedit
679 2082 827 2144 influxum
846 2082 936 2143 liberi
958 2083 1081 2144 arbitrii
1096 2083 1127 2142 in

169 2184 285 2242 eosdem
301 2187 400 2258 actus;
422 2185 473 2245 sed
486 2204 504 2244 a
516 2204 547 2244 se
559 2187 662 2244 mutuo
675 2183 813 2262 pendent,
839 2183 990 2261 simulque
1010 2185 1126 2245 omuino

170 2289 241 2344 aunt
253 2284 286 2345 in
298 2304 397 2346 rerum
416 2290 532 2358 natura,
554 2290 585 2346 et
603 2285 637 2345 in
654 2285 776 2345 eandem
793 2303 918 2344 numero
937 2285 1086 2348 actionem
1097 2292 1126 2347 et

169 2385 305 2446 effectum
322 2385 489 2447 uniuntur:
513 2385 608 2463 gretia
625 2403 694 2446 vere
715 2383 907 2463 preveniens,
929 2384 993 2463 qud
1016 2405 1125 2464 praeve-

169 2485 253 2546 niene
274 2484 370 2563 gratia
391 2491 445 2558 est,
468 2489 598 2562 tempora
610 2485 659 2544 vel
677 2489 784 2544 natura
802 2485 975 2544 antecedere
990 2487 1068 2546 solet
1082 2487 1123 2546 in·

168 2584 285 2645 fluxum
296 2585 382 2646 liberi
394 2584 508 2645 arbitrii
521 2585 559 2644 ad
575 2587 673 2644 actum
691 2583 953 2662 supernaturalem,
970 2589 1123 2664 potestque

169 2686 313 2760 frustrari,
329 2687 355 2746 si
368 2685 522 2746 arbitrium
538 2685 637 2765 ipsum
649 2705 702 2764 pro
720 2704 773 2746 sua
786 2684 890 2744 innata
908 2682 1050 2746 libertate
1066 2705 1121 2745 non

168 2784 243 2845 velit
258 2803 325 2845 cnm
346 2804 381 2845 ea
401 2785 507 2846 elicere
527 2789 627 2846 actum
647 2803 700 2863 per
719 2803 807 2862 quem
826 2784 864 2844 ad
878 2783 1120 2861 justificationem
1199 2835 1200 2866 p

168 2883 347 2961 disponatur.

209 2985 257 3044 97.
288 2983 398 3042 “Dixi
417 2983 505 3044 toties
534 2984 659 3061 gratiam
681 2984 916 3062 praevenientem,
941 2985 1001 3063 qud
1027 2986 1121 3064 pratia

165 3081 336 3159 preveniens
356 3087 407 3154 cat,
427 3087 556 3160 tempora
579 3084 628 3144 vel
650 3087 757 3144 natura
783 3083 954 3164 antecedere
976 3084 1122 3145 inflexum
1199 3127 1200 3180 p

169 3181 256 3242 liberi
274 3181 404 3242 arbitrii:
426 3182 572 3260 quoniam,
595 3183 621 3242 si
639 3195 773 3244 sumatur
786 3188 822 3244 ut
835 3185 982 3261 posterius
995 3189 1121 3262 tempore
1199 3191 1200 3270 t

171 3281 221 3342 vel
232 3285 347 3355 natura,
368 3281 488 3342 sortitur
504 3283 649 3343 rationem
666 3283 769 3360 gratia
782 3283 974 3360 cooperantia,
987 3285 1121 3345 videlicet

171 3381 251 3455 dum,
267 3381 463 3442 consentiente
469 3381 631 3460 jamlibero
643 3383 764 3444 arbitrio
777 3382 980 3459 influentequc
992 3382 1027 3443 in
1040 3403 1120 3444 snum

173 3483 279 3554 ectum,
288 3481 353 3558 ipsa
365 3499 480 3558 quoque
489 3480 522 3540 in
532 3481 657 3542 eundem
669 3481 883 3552 actuminfluit,
895 3486 1119 3561 cooperaturqua
1199 3513 1200 3520 κ

172 3578 261 3639 simul
281 3599 350 3639 cum
371 3580 462 3640 libero
485 3579 614 3653 arbitrio,
638 3582 711 3640 tunc
733 3579 866 3640 influxus
885 3579 946 3654 ille,
969 3599 1024 3658 per
1037 3602 1118 3661 qnam

173 3677 294 3742 sortitur
306 3678 450 3740 rationem
461 3679 562 3756 gretia
575 3679 763 3758 cooperantis,
778 3698 873 3758 neque
885 3687 1016 3757 tempora
1028 3701 1118 3762 nequa
1199 3677 1200 3688 ’
