2424 4300
74 485 155 529 orsr.
174 462 222 552 u]
256 466 311 529 Dr
329 465 450 529 Gratia
465 464 558 529 Med.
575 423 905 551 offlam-postlavo.
966 487 1022 547 147

73 633 233 708 potentiam
250 631 450 709 perseverandi
464 632 565 703 active,
582 633 669 692 etiam
683 653 736 710 pro
750 635 834 693 valde
848 633 934 709 longo
948 635 1023 692 tem·

73 754 141 810 porc
164 738 193 793 et
210 755 261 811 pro
280 738 341 793 tota
355 734 425 806 rita,
446 755 540 812 neque
558 736 594 794 ad
612 736 705 813 ipsam
724 737 865 795 actualem
881 736 1024 813 ejusmodi

73 835 328 910 perseverantiam,
352 834 542 894 necessarium
566 835 624 894 fuit
643 836 789 894 auxilium
810 836 933 912 speciale
954 837 1023 894 adeo

70 935 210 1011 frequens
224 938 253 993 et
267 935 351 1006 forte,
373 953 406 992 ac
425 935 506 994 nobis
520 935 712 994 necessarium
727 941 779 994 est.
822 936 865 996 20.
888 937 1023 994 Perseve-

70 1033 168 1092 rantia
182 1034 305 1110 passiva,
325 1033 356 1092 in
375 1034 426 1092 illo
441 1038 470 1093 et
484 1035 588 1111 quovis
602 1035 658 1093 alio
679 1040 758 1095 statu
772 1035 901 1103 viatoris,
917 1037 1025 1094 donum

70 1139 116 1191 est
138 1139 168 1192 et
189 1134 282 1208 gratia
302 1134 434 1210 specialis
455 1140 484 1192 et
504 1154 617 1210 magna.
661 1136 700 1194 30.
724 1136 756 1194 si
769 1135 1022 1211 perseverantiam,

69 1253 122 1291 seu
137 1234 234 1309 potius
246 1237 354 1293 statum
367 1233 461 1304 illum,
472 1253 523 1310 per
534 1253 563 1292 se
574 1237 604 1293 et
612 1234 695 1311 quasi
707 1235 736 1292 in
748 1237 890 1294 abstracto
905 1238 1022 1311 spectes,

70 1332 176 1408 utiquc
200 1334 235 1390 ad
260 1333 501 1409 perseverantiam
524 1333 647 1392 activam
671 1353 730 1392 non
754 1335 813 1392 fuit
833 1334 1025 1394 necessarium

71 1433 218 1491 auxilium
233 1434 364 1510 speciale.

113 1532 181 1593 ⁴⁶68.
206 1539 245 1594 4⁰.
273 1534 304 1592 Si
331 1553 398 1591 vero
427 1537 520 1594 status
547 1533 598 1592 ille
625 1534 657 1591 in
684 1537 816 1594 concreto
843 1534 1025 1610 inspiciatur,

70 1636 200 1710 quatuor
223 1637 292 1692 sunt
316 1635 351 1692 da
372 1653 404 1692 eo
427 1632 649 1704 consideranda3
672 1651 736 1709 qnae
751 1633 888 1692 videntur
908 1631 1028 1693 reddero

71 1733 219 1792 auxilium
234 1733 355 1810 speciale
369 1732 559 1792 necessarium
574 1752 632 1790 non
647 1737 761 1791 tantum
776 1734 811 1790 ad
825 1733 919 1810 ipsam
932 1754 1026 1810 perse·

70 1833 235 1892 verentiam
250 1833 373 1892 activam
392 1832 442 1890 sed
456 1831 542 1891 etiam
559 1832 767 1908 adpetentiam
781 1833 918 1891 moralem
932 1852 1027 1910 persc-

70 1932 204 1992 verandi.
234 1932 368 1991 Primum
378 1939 421 1991 est
430 1931 588 1990 intrinseca
601 1932 783 1990 mutabilitas
795 1936 824 1992 et
835 1934 1028 1993 inconstantia

70 2033 160 2092 liberi
181 2031 294 2090 arbitrii
315 2031 408 2089 omnis
422 2031 549 2104 viatoris,
573 2031 659 2090 etiam
682 2033 713 2089 in
732 2035 811 2090 statu
833 2032 1025 2093 innocentia:

71 2133 210 2208 exempla
229 2134 317 2191 habes
334 2133 364 2190 in
382 2133 465 2209 lapsu
483 2137 720 2209 protoparentum
734 2137 800 2210 post
813 2153 918 2209 paucas
931 2135 1028 2192 forsan

70 2235 161 2291 horas
179 2253 196 2292 a
213 2233 356 2292 creatione
380 2236 409 2292 et
429 2232 645 2309 justificatione,
666 2236 695 2291 et
717 2233 748 2290 in
771 2234 855 2308 lapsu
875 2233 964 2292 simul
985 2239 1029 2294 tot

12 2359 19 2376 ·
70 2337 204 2396 millium
231 2334 357 2392 millium
379 2333 546 2408 angelorum
571 2335 636 2409 post
657 2351 749 2408 pauca
770 2332 867 2391 forsan
891 2334 1029 2410 temporis

70 2441 185 2518 puncta
196 2455 212 2495 a
222 2434 365 2495 creatione
375 2437 405 2492 ct
416 2433 636 2509 justificatione.
679 2431 843 2490 Secundum
855 2435 898 2490 est
908 2433 1029 2509 longum

71 2546 201 2615 tempus,
216 2556 274 2614 quo
287 2533 475 2612 probabilius,
491 2537 646 2608 antequam
660 2533 690 2588 in
704 2530 828 2607 patriam
847 2539 1026 2608 raperentur,

71 2641 210 2699 viverent
236 2636 376 2707 homines,
402 2634 438 2692 ad
465 2632 571 2690 liberos
598 2631 788 2708 procreandos
814 2635 844 2689 et
867 2632 1029 2690 educandos
1111 2703 1113 2712 y

71 2741 181 2817 (Susa.
196 2757 225 2796 n.
243 2737 283 2813 9).
325 2733 457 2792 Tertium
480 2735 523 2790 est
547 2731 683 2807 frequens
709 2729 850 2788 instantia
871 2731 1028 2790 officiorum

70 2839 150 2915 legis
171 2835 313 2895 naturalis
333 2838 362 2894 et
382 2831 621 2909 supernaturalis,
644 2847 696 2905 pro
717 2832 776 2887 toto
790 2828 846 2888 isto
860 2831 946 2906 longo
960 2830 1029 2890 vitae

71 2947 205 3014 tempore
232 2956 269 2995 ex
291 2935 393 3010 adepto
421 2952 475 2990 usu
503 2930 624 2989 rationis
651 2928 837 3004 urgentium3
860 2934 889 2988 et
911 2949 975 3008 quac
996 2951 1029 2990 eo

72 3039 161 3098 modo
175 3034 290 3112 impleri
308 3034 422 3103 debent,
444 3031 495 3108 qui
514 3031 628 3088 ‹leceret
646 3033 754 3087 statum
775 3030 844 3088 adeo
866 3031 1028 3106 perfectum

74 3149 104 3198 et
119 3137 262 3198 divinum.
308 3135 451 3204 Quartum
476 3134 520 3188 est
541 3149 579 3187 ex
600 3128 665 3186 istis
689 3129 788 3187 officiis
809 3130 933 3188 officium
953 3131 1027 3189 illud

73 3237 215 3298 orationis
242 3232 392 3312 petitionis
416 3231 499 3308 ((1.2,
523 3248 551 3286 n.
569 3229 632 3304 94),
660 3231 690 3286 et
713 3227 856 3303 imprimis
879 3229 1027 3305 petitionis

74 3361 126 3418 pro
141 3339 196 3396 hac
209 3337 272 3412 ipsa
285 3333 379 3411 gratia
389 3330 624 3408 perseverantiae:
647 3347 734 3404 quam
748 3327 917 3403 petitionem
931 3329 955 3386 si
966 3330 1026 3386 Deo

74 3437 277 3500 adhibuissent
303 3433 399 3508 angeli
426 3435 456 3490 et
481 3433 707 3507 protoparentes,
737 3428 798 3486 sine
832 3427 919 3488 dubio
949 3429 1027 3488 firmi

75 3540 234 3601 stetissent.
