2402 4292
58 374 162 422 mer.
180 354 230 441 x.]
277 353 333 419 De
347 351 630 440 Desposrtzom'bus
644 355 691 422 ad
706 355 853 446 Justrfic.
967 359 1029 445 367

59 523 146 582 istas
161 521 341 582 eonditionos
354 540 407 582 neo
420 520 503 580 novit
515 541 568 582 neo
581 523 687 584 habere
708 528 811 601 potest,
835 527 873 596 et,
890 523 1031 602 quamdiu

61 621 131 680 fide
146 625 236 692 earet,
257 620 387 680 absolute
406 620 585 698 impossibile
606 625 650 682 est
670 624 706 682 ut
723 623 911 701 justificetur.
950 623 1030 684 Hine

62 725 167 782 verba
179 723 318 782 Habaouo
333 721 377 799 (ii.
392 723 434 800 4),
452 721 578 799 “justus
593 741 631 782 ex
643 723 702 782 fide
714 723 808 783 vivit’'
824 725 916 796 toties⁸
926 726 1031 802 repetit

66 823 101 883 S.
129 822 261 894 Paulus3
284 823 367 881 Rom.
393 822 413 880 i.
432 822 485 894 173
509 822 604 882 Galat.
627 822 670 882 iii.
698 827 731 882 ll
751 847 759 896 ;
780 824 858 884 Heb.
873 844 904 883 x.
921 829 958 884 38
980 825 1030 904 (de

64 923 215 996 Eoolesia‚
231 923 268 982 D.
284 926 308 996 l,
324 942 353 982 n.
366 923 446 1000 149).
481 924 620 983 Peccator
633 923 724 1000 igitur
735 943 772 983 ex
785 924 843 983 fide
853 924 1030 1002 principium

66 1023 145 1083 vitoe
171 1021 331 1100 spiritualis
352 1027 390 1095 et,
414 1023 439 1081 si
459 1023 541 1096 velit,
566 1023 659 1100 ipsam
673 1023 767 1082 vitam
786 1025 893 1084 habet:
916 1043 954 1084 ex
973 1025 1031 1084 fide

66 1123 169 1182 vitam
181 1126 333 1183 conservat
346 1126 376 1183 et
386 1125 494 1184 tuetur.
529 1123 646 1182 Amissa
656 1124 721 1196 fide,
735 1124 912 1184 amittuntur
923 1125 1028 1200 omnia,

65 1243 130 1284 non
146 1225 245 1284 solum
254 1223 316 1283 vita
329 1224 379 1283 sed
392 1223 481 1284 etiam
494 1224 591 1284 media
602 1225 794 1301 reeuperandi
808 1225 898 1284 vitam
913 1245 919 1286 :
942 1225 1029 1302 eique

70 1328 92 1358 “
107 1343 171 1382 non
196 1323 371 1402 relinquitur
396 1343 448 1401 pro
474 1323 599 1402 pennatis
625 1325 729 1398 hostia,
763 1324 905 1384 terribilis
931 1327 1029 1386 autem

70 1424 214 1501 quaedam
227 1425 405 1501 exspectatio
416 1423 551 1501 judieii.’'
587 1425 664 1484 Heb.
679 1445 709 1483 x.
725 1429 774 1497 26,
790 1424 838 1484 27.

114 1525 164 1586 59.
188 1525 233 1603 (b)
247 1525 380 1600 Insuper,
404 1543 461 1602 quo
481 1523 593 1583 firmior
612 1528 643 1585 et
657 1523 782 1582 vividior
803 1528 848 1583 est
860 1524 949 1598 fides3
971 1543 1029 1602 quo

69 1625 169 1702 magis
182 1629 226 1685 est
254 1630 273 1658 “
284 1626 490 1702 sperandarum
511 1625 676 1686 substantia
695 1645 802 1696 rerum,
824 1629 1029 1702 argumentum

69 1747 134 1786 non
155 1725 375 1803 apperentium''
401 1725 492 1802 (Heb.
508 1724 550 1784 xi.
570 1729 604 1783 1:
626 1743 722 1802 supra,
744 1744 774 1785 n.
790 1725 862 1802 21);
885 1745 917 1784 eo
936 1725 1043 1801 magisv

70 1825 261 1885 illuminatur
272 1809 439 1884 intellectus
452 1825 489 1884 ad
503 1824 641 1883 veritates
655 1824 769 1884 divinas
789 1823 986 1901 percipiendas
1000 1829 1030 1883 et

71 1927 283 2005 ponderandus,
294 1927 331 1986 ad
341 1946 440 1986 earum
450 1925 651 1986 excellentiam
662 1930 692 1984 et
702 1926 874 2001 gravitatem
887 1945 1029 1984 summam

71 2027 306 2102 intelligendam,
326 2029 429 2103 utpote
446 2044 507 2103 pree
528 2025 635 2103 quibus
653 2029 747 2084 oetera
759 2025 856 2084 omnia
869 2044 947 2084 mera
961 2029 1030 2084 sunt

74 2131 190 2190 vanitas
200 2127 364 2188 vanitatum
375 2149 382 2200 ;
398 2147 431 2187 eo
441 2126 534 2204 magis
544 2126 713 2187 accenditur
723 2130 753 2187 et
763 2128 913 2186 roboratur
923 2126 1027 2187 volun·

74 2233 122 2289 tas
135 2228 173 2286 ad
186 2228 283 2286 omnia
294 2231 409 2288 terrena
423 2226 608 2303 despicienda
625 2230 655 2285 et
669 2227 873 2301 oonouloanda,
891 2227 927 2286 ad
941 2227 1029 2286 finem

75 2327 214 2387 ultimum
228 2329 258 2385 in
272 2325 384 2387 ooelesti
396 2325 489 2402 gloria
498 2325 584 2384 unioe
598 2327 817 2403 assequendum,
833 2332 872 2400 ot,
887 2332 1029 2404 quantum

76 2427 142 2488 fieri
154 2430 257 2504 potest,
278 2446 347 2506 queo
367 2427 404 2486 ad
423 2445 490 2486 eum
511 2425 624 2486 duount
643 2426 730 2485 unioe
751 2426 887 2485 sectanda
901 2429 931 2485 et
943 2445 1028 2484 exer·

78 2527 175 2586 oenda.
216 2525 302 2587 Siout
322 2545 360 2585 ox
383 2523 528 2603 ejusmodi
549 2524 606 2583 fide
624 2543 722 2584 omnes
741 2524 867 2584 virtutes
892 2543 1028 2602 superna·

79 2626 187 2687 turnles
199 2628 341 2696 oresount,
355 2625 407 2698 ita,
419 2628 454 2684 ut
462 2624 504 2683 ait
515 2624 544 2686 S.
557 2623 733 2684 Aornonsus
746 2626 812 2702 post
825 2623 854 2684 S.
865 2624 1030 2698 Terruerint,

81 2747 120 2788 ex
132 2729 246 2788 defeotu
265 2727 397 2806 ejusdem
419 2725 489 2786 fidei
508 2725 650 2803 originem
670 2727 779 2786 habent
792 2726 888 2786 omnia
900 2732 1028 2804 peooete.

81 2831 204 2890 Peooent
226 2828 334 2901 fideles,
360 2830 504 2906 quotquot
525 2830 654 2905 peooent,
678 2847 737 2888 non
755 2827 824 2906 quia
843 2847 901 2887 non
921 2829 1032 2890 habent

81 2928 314 2988 fidem-habent
340 2926 507 2987 enim-sad
531 2926 601 3004 quia
624 2945 684 2986 non
706 2927 816 2987 hubent
837 2927 925 2988 fldem
946 2927 1028 2986 illam

82 3031 199 3102 firmam,
218 3029 385 3107 pollentem,
407 3028 563 3102 ardentem,
584 3027 741 3104 inviotam;
762 3029 849 3088 fidem
866 3029 948 3089 illem
962 3047 1028 3107 quae

87 3135 105 3165 “
114 3134 156 3190 ost
168 3129 289 3188 viotoria
302 3147 367 3206 qum
380 3127 472 3188 vineit
485 3128 655 3187 mundum.”
701 3131 713 3188 l
729 3129 812 3190 Joan.
826 3150 854 3189 v.
866 3133 894 3189 4.

124 3236 168 3292 60.
191 3229 232 3310 (o)
252 3228 396 3307 Denique,
411 3229 474 3288 haeo
486 3229 558 3288 fides
572 3232 617 3288 est
625 3247 692 3305 quae
702 3228 760 3288 eolo
769 3233 884 3288 tantum
892 3227 1030 3287 laudatur

87 3333 116 3390 et
131 3330 343 3390 eommendatur
363 3328 395 3387 in
415 3329 446 3388 S.
463 3327 620 3406 seriptum,
645 3329 706 3390 sive
727 3329 759 3387 in
781 3329 978 3406 peccatoribus
997 3327 1030 3388 in

87 3431 182 3492 ordine
195 3432 232 3491 ad
241 3429 479 3510 justificationem
498 3430 630 3508 primam,
651 3428 713 3489 sive
730 3429 762 3488 in
779 3429 870 3507 justis
886 3428 1031 3488 inordina

88 3533 122 3591 ad
128 3531 363 3610 justificationem
371 3531 623 3591 secundam—nen
635 3529 707 3589 fides
720 3529 776 3589 ista
788 3529 902 3606 frigida,
916 3529 1031 3602 sterilis,

89 3630 236 3705 imbeoille,
262 3631 375 3712 ignava.
421 3636 491 3694 Haeo
517 3634 562 3689 est
583 3631 657 3694 fides
684 3648 771 3711 quam
798 3629 903 3692 heburit
927 3628 1033 3690 mulier
