2410 4314
193 464 234 529 74
560 441 615 507 De
640 440 771 507 Grata.
976 445 1079 527 [nrsr.
1097 467 1143 509 ru.

189 615 253 672 tum
267 611 337 688 quia
349 628 416 668 sana
436 627 494 667 non
514 608 646 685 loquitur
660 608 794 667 Christus
809 609 844 668 de
857 609 914 668 fide
936 611 1032 668 sterili
1047 615 1078 670 et
1091 632 1144 669 non

190 713 312 771 ducente
333 709 475 768 advitam
500 711 656 779 aeternam
679 711 742 766 tum
765 707 834 784 quia
856 709 956 767 statim
978 711 1045 769 haec
1063 713 1145 770 verba

189 809 350 888 subjungit,
379 811 439 867 “et
460 827 512 882 ego
536 807 715 866 resuscitabo
739 828 806 866 eum
835 809 867 866 in
886 809 1047 867 novissimo
1072 801 1166 882 die,”'

188 911 294 988 quibus
314 909 400 985 plana
421 907 604 982 significatur
624 907 713 966 fidem
733 907 814 965 illam
830 908 1030 986 disponerent
1045 911 1144 969 ducere

189 1009 336 1069 hominem
360 1008 396 1066 ad
418 1007 506 1065 istam
527 1006 775 1065 resuscitationem
797 1007 817 1065 i.
831 1027 855 1066 s.
880 1008 972 1066 sitam
997 1013 1144 1068 aeternam.

191 1108 234 1168 3⁰.
255 1107 351 1167 Verba
375 1109 443 1165 sunt
466 1106 551 1164 valde
574 1105 749 1164 universalia
763 1109 793 1164 et
806 1107 923 1164 omnino
945 1127 1047 1168 omnes
1062 1110 1145 1168 attin·

189 1210 286 1283 gunt:
306 1205 407 1264 nullus
431 1203 640 1281 excipitur-‘⁶
655 1223 730 1262 acmo
751 1207 880 1281 potest.’'
921 1211 961 1266 4⁰.
986 1207 1094 1267 Gratia
1106 1219 1146 1268 est

189 1307 318 1366 absolute
331 1305 492 1364 necessaria
503 1305 539 1363 ad
553 1304 639 1362 fidem
661 1304 815 1363 salutarem
832 1327 840 1376 ς
861 1325 937 1382 quae,
954 1306 1017 1365 sinc
1033 1326 1077 1377 ea,
1093 1328 1145 1366 non

190 1405 283 1466 solum
297 1424 370 1482 opus
380 1413 429 1464 est
442 1403 557 1462 difficile
568 1409 597 1462 et
608 1404 732 1462 arduum
746 1403 795 1462 sed
806 1403 1052 1480 impossibile—“
1067 1427 1146 1466 nemo

189 1505 309 1582 pctcct.’'

232 1607 280 1664 36.
310 1602 382 1661 Dixi
414 1602 530 1660 “fidem
554 1601 707 1661 salutarem
720 1603 748 1673 ;”
769 1621 828 1661 non
851 1603 930 1680 quod
956 1623 1093 1663 censeam
1117 1607 1148 1663 ds

190 1703 247 1762 fide
261 1703 321 1762 sola
333 1703 376 1760 ibi
389 1704 509 1761 verbum
524 1701 596 1772 fieri,
616 1701 674 1761 imo
697 1721 795 1761 censeo
816 1701 858 1760 ibi
882 1703 983 1761 saltem
1006 1703 1148 1781 implicite

191 1803 347 1880 significari
360 1802 561 1862 necessitatem
574 1802 676 1876 gratiae
690 1802 726 1860 ad
740 1821 823 1860 omne
838 1821 911 1878 opus
925 1803 1062 1862 salutare.
1109 1809 1146 1862 1⁰.

191 1902 283 1961 Nulla
297 1901 426 1960 estratio
450 1901 538 1977 hujus
562 1901 744 1958 necessitatis
767 1901 803 1958 ad
825 1900 921 1975 fidem,
944 1921 1010 1977 quae
1025 1902 1058 1959 in
1073 1903 1149 1961 omni

192 2001 247 2059 alio
261 2020 344 2076 opere
366 2021 424 2058 non
446 1998 604 2058 invenitur.
647 1999 688 2059 2⁰.
711 2000 807 2072 Fides,
830 2000 865 2057 de
886 2019 945 2076 qua
964 2000 1017 2072 ibi,
1034 2021 1094 2060 non
1111 2009 1150 2062 est

191 2099 263 2158 fides
277 2101 365 2170 nuda,
380 2101 477 2158 nudus
498 2104 579 2158 actus
600 2091 745 2170 credendi,
770 2099 821 2158 sed
841 2103 885 2158 cst
905 2099 977 2158 fides
988 2100 1069 2175 viva,
1088 2121 1150 2178 qua

192 2198 288 2258 omnia
311 2199 364 2258 illa
388 2199 445 2257 alia
467 2199 522 2257 sibi
544 2199 699 2276 conjuncta
721 2199 810 2258 habet
830 2218 925 2275 opera,
941 2199 1052 2275 quibus
1074 2203 1150 2260 salus

191 2301 300 2358 aeterna
326 2299 505 2376 acquiritur3
527 2301 562 2357 ut
584 2302 665 2375 patet
684 2317 722 2357 ex
746 2297 850 2370 verbis,
875 2301 937 2358 “et
950 2317 1003 2374 ego
1027 2301 1149 2360 resusci-
1193 2321 1194 2387 p

194 2397 261 2454 tabo
275 2393 293 2424 ’¹
308 2395 356 2454 &c
697 2403 700 2410 '

234 2495 281 2559 37.
303 2497 516 2553 Ancuunsruu
537 2495 583 2553 II.
608 2495 756 2553 “Meneta
779 2494 811 2552 in
835 2513 888 2565 me,
911 2497 941 2554 et
954 2513 1007 2571 ego
1022 2497 1056 2555 in
1069 2498 1153 2558 vobis

194 2593 230 2674 [i.
245 2614 270 2653 a.
286 2594 343 2666 vei,
360 2594 422 2669 Ego
437 2593 468 2650 in
481 2591 562 2650 vobis
577 2593 707 2665 manebo,
724 2612 837 2670 nempe,
856 2593 881 2652 si
894 2611 945 2652 vos
959 2593 991 2652 in
1005 2614 1054 2655 mc
1068 2615 1152 2656 man-

192 2693 305 2767 seritis;
328 2693 375 2750 vel
395 2692 501 2768 potius,
519 2692 625 2751 Curate
638 2695 672 2751 ut
686 2691 717 2750 in
731 2712 777 2751 me
797 2691 938 2751 maneatis
951 2696 987 2752 ut
998 2694 1042 2753 sic
1052 2715 1111 2773 ego
1124 2697 1154 2754 in
1191 2767 1192 2776 χ

190 2793 272 2851 vobis
286 2789 443 2870 mancam]
486 2791 570 2850 Sicut
592 2792 702 2867 palmes
725 2811 783 2850 non
806 2795 901 2869 potest
921 2793 996 2850 ferre
1018 2795 1153 2856 fructum

192 2888 383 2965 asemctipso,
399 2889 456 2946 nisi
469 2890 608 2947 manserit
629 2890 661 2948 in
684 2890 745 2948 vite
767 2888 837 2968 [ie.
863 2911 914 2966 per
928 2893 1153 2966 Hebraismum‚

192 2989 272 3046 utin
286 3007 314 3043 s.
332 2991 378 3059 19,
397 2987 453 3044 Sed
479 2993 514 3046 ut
537 3007 656 3047 manens
674 2989 706 3047 in
728 2989 823 3069 vite];
846 2993 887 3048 sic
901 3010 954 3049 nec
969 3012 1030 3066 vos,
1047 2997 1112 3054 nisi
1126 2999 1153 3054 in

194 3083 423 3146 memenseritis.
464 3086 526 3160 Ego
549 3106 612 3144 sum
637 3088 715 3160 vitis,
737 3108 788 3147 vcs
809 3089 961 3165 palmites:
985 3093 1155 3169 quimanet
1190 3067 1191 3147 i

195 3189 225 3246 in
240 3203 296 3252 me,
314 3188 343 3240 et
356 3201 409 3258 ego
423 3183 455 3240 in
469 3203 511 3256 ec,
537 3186 585 3242 hic
608 3189 664 3245 fert
687 3189 812 3247 fructum
834 3190 980 3249 multum:
1003 3194 1079 3269 quia
1094 3197 1154 3254 sine

195 3307 242 3345 me
262 3283 339 3341 nihil
361 3283 482 3359 potestis
506 3285 608 3344 facere.
652 3287 683 3345 si
708 3289 774 3363 quis
795 3290 825 3346 in
850 3307 895 3346 me
917 3309 976 3348 non
999 3297 1153 3366 manserit,

194 3388 330 3447 mittetur
359 3384 444 3455 foras,
477 3384 553 3443 sicut
581 3386 699 3460 palmes,
734 3393 763 3447 et
781 3390 927 3463 .arescet,'’
955 3395 1006 3452 &a
1064 3397 1154 3457 Joan.

193 3507 243 3546 xv.
260 3487 327 3540 4-6.

235 3587 283 3642 38.
305 3581 343 3639 In
364 3581 417 3640 hoc
441 3585 536 3653 textu,
563 3581 640 3643 sicut
663 3585 693 3644 in
707 3587 877 3663 precedente
897 3591 926 3647 et
946 3597 1152 3670 sequentibus,

194 3680 381 3744 manifestum
395 3683 440 3741 est
453 3700 612 3740 sermonem
635 3705 695 3746 esse
712 3687 751 3760 10,
767 3689 802 3746 de
816 3688 948 3764 operibus
972 3693 1155 3755 salutaribus
