<?xml version="1.0" encoding="UTF-8"?>
<!DOCTYPE html PUBLIC "-//W3C//DTD XHTML 1.0 Transitional//EN"
    "http://www.w3.org/TR/xhtml1/DTD/xhtml1-transitional.dtd">
<html xmlns="http://www.w3.org/1999/xhtml" xml:lang="en" lang="en">
 <head>
  <title>
</title>
<meta http-equiv="Content-Type" content="text/html;charset=utf-8" />
  <meta name='ocr-system' content='tesseract 3.04.00' />
  <meta name='ocr-capabilities' content='ocr_page ocr_carea ocr_par ocr_line ocrx_word'/>
</head>
<body>
  <div class='ocr_page' id='page_1' title='image "./tractatusdegrat00murrgoog_0126.png"; bbox 0 0 2424 4300; ppageno 0'>
   <div class='ocr_carea' id='block_1_1' title="bbox 95 458 1035 549">
    <p class='ocr_par' dir='ltr' id='par_1_1' title="bbox 95 458 1035 549">
     <span class='ocr_line' id='line_1_1' title="bbox 95 458 1035 549; baseline 0.005 -23"><span class='ocrx_word' id='word_1_1' title='bbox 95 481 173 527; x_wconf 75' lang='lat' dir='ltr'><strong>msa.</strong></span> <span class='ocrx_word' id='word_1_2' title='bbox 189 463 251 546; x_wconf 74' lang='lat' dir='ltr'><strong>au]</strong></span> <span class='ocrx_word' id='word_1_3' title='bbox 300 458 355 526; x_wconf 86' lang='lat' dir='ltr'><strong>De</strong></span> <span class='ocrx_word' id='word_1_4' title='bbox 373 460 493 526; x_wconf 77' lang='lat' dir='ltr'><strong>Gratia</strong></span> <span class='ocrx_word' id='word_1_5' title='bbox 508 461 730 528; x_wconf 74' lang='lat' dir='ltr'><strong>Medztz&#39;nalz&#39;:</strong></span> <span class='ocrx_word' id='word_1_6' title='bbox 751 461 899 549; x_wconf 74' lang='lat' dir='ltr'><em>positive.</em></span> <span class='ocrx_word' id='word_1_7' title='bbox 981 489 1035 531; x_wconf 87' lang='lat'><strong>111</strong></span> 
     </span>
    </p>
   </div>
   <div class='ocr_carea' id='block_1_2' title="bbox 81 627 1043 3784">
    <p class='ocr_par' dir='ltr' id='par_1_2' title="bbox 85 627 1043 2286">
     <span class='ocr_line' id='line_1_2' title="bbox 94 627 1041 707; baseline 0.007 -21"><span class='ocrx_word' id='word_1_8' title='bbox 94 629 183 687; x_wconf 88' lang='lat' dir='ltr'><strong>verbis</strong></span> <span class='ocrx_word' id='word_1_9' title='bbox 203 627 310 688; x_wconf 80' lang='lat' dir='ltr'><strong>Christi</strong></span> <span class='ocrx_word' id='word_1_10' title='bbox 331 629 437 698; x_wconf 90' lang='lat' dir='ltr'><strong>educit,</strong></span> <span class='ocrx_word' id='word_1_11' title='bbox 454 629 523 686; x_wconf 87' lang='lat' dir='ltr'><strong>Luc.</strong></span> <span class='ocrx_word' id='word_1_12' title='bbox 538 629 610 686; x_wconf 84' lang='lat' dir='ltr'><strong>xvii.</strong></span> <span class='ocrx_word' id='word_1_13' title='bbox 630 631 921 707; x_wconf 86' lang='lat' dir='ltr'><strong>l:-“Impossibile</strong></span> <span class='ocrx_word' id='word_1_14' title='bbox 942 637 1041 692; x_wconf 90' lang='lat' dir='ltr'><strong>estut</strong></span> 
     </span>
     <span class='ocr_line' id='line_1_3' title="bbox 93 728 1039 806; baseline 0.005 -21"><span class='ocrx_word' id='word_1_15' title='bbox 93 747 147 786; x_wconf 90' lang='lat' dir='ltr'><strong>non</strong></span> <span class='ocrx_word' id='word_1_16' title='bbox 160 728 278 787; x_wconf 85' lang='lat' dir='ltr'><strong>veniant</strong></span> <span class='ocrx_word' id='word_1_17' title='bbox 297 729 448 787; x_wconf 88' lang='lat' dir='ltr'><strong>scandala:</strong></span> <span class='ocrx_word' id='word_1_18' title='bbox 473 748 517 787; x_wconf 88' lang='lat' dir='ltr'><strong>vae</strong></span> <span class='ocrx_word' id='word_1_19' title='bbox 538 732 635 787; x_wconf 88' lang='lat' dir='ltr'><strong>autem</strong></span> <span class='ocrx_word' id='word_1_20' title='bbox 653 729 698 786; x_wconf 91' lang='lat' dir='ltr'><strong>illi</strong></span> <span class='ocrx_word' id='word_1_21' title='bbox 717 749 768 806; x_wconf 91' lang='lat' dir='ltr'><strong>per</strong></span> <span class='ocrx_word' id='word_1_22' title='bbox 782 751 868 806; x_wconf 91' lang='lat' dir='ltr'><strong>quem</strong></span> <span class='ocrx_word' id='word_1_23' title='bbox 888 733 1039 792; x_wconf 85' lang='lat' dir='ltr'><strong>veniunt.&#39;’</strong></span> 
     </span>
     <span class='ocr_line' id='line_1_4' title="bbox 92 826 1039 907; baseline 0.01 -22"><span class='ocrx_word' id='word_1_24' title='bbox 92 827 269 904; x_wconf 83' lang='lat' dir='ltr'>Impossibile</span> <span class='ocrx_word' id='word_1_25' title='bbox 290 831 335 886; x_wconf 86' lang='lat' dir='ltr'><strong>est</strong></span> <span class='ocrx_word' id='word_1_26' title='bbox 354 849 421 904; x_wconf 84' lang='lat' dir='ltr'><strong>ergo</strong></span> <span class='ocrx_word' id='word_1_27' title='bbox 448 833 466 861; x_wconf 89' lang='lat'><strong><em>“</em></strong></span> <span class='ocrx_word' id='word_1_28' title='bbox 477 826 549 905; x_wconf 90' lang='lat' dir='ltr'><strong>quin</strong></span> <span class='ocrx_word' id='word_1_29' title='bbox 563 829 697 887; x_wconf 88' lang='lat' dir='ltr'><strong>scandala</strong></span> <span class='ocrx_word' id='word_1_30' title='bbox 718 829 874 907; x_wconf 84' lang='lat' dir='ltr'><strong>aliquando</strong></span> <span class='ocrx_word' id='word_1_31' title='bbox 895 832 1039 894; x_wconf 88' lang='lat' dir='ltr'><strong>eveniant.</strong></span> 
     </span>
     <span class='ocr_line' id='line_1_5' title="bbox 92 927 1037 1005; baseline 0.005 -19"><span class='ocrx_word' id='word_1_32' title='bbox 92 927 161 987; x_wconf 78' lang='lat' dir='ltr'><strong>(lum</strong></span> <span class='ocrx_word' id='word_1_33' title='bbox 175 932 271 986; x_wconf 88' lang='lat' dir='ltr'><strong>autem</strong></span> <span class='ocrx_word' id='word_1_34' title='bbox 284 928 450 986; x_wconf 89' lang='lat' dir='ltr'><strong>scandalum</strong></span> <span class='ocrx_word' id='word_1_35' title='bbox 464 947 522 986; x_wconf 91' lang='lat' dir='ltr'><strong>non</strong></span> <span class='ocrx_word' id='word_1_36' title='bbox 536 929 620 987; x_wconf 86' lang='lat' dir='ltr'><strong>detur</strong></span> <span class='ocrx_word' id='word_1_37' title='bbox 632 928 688 986; x_wconf 89' lang='lat' dir='ltr'><strong>nisi</strong></span> <span class='ocrx_word' id='word_1_38' title='bbox 702 948 753 1005; x_wconf 88' lang='lat' dir='ltr'><strong>per</strong></span> <span class='ocrx_word' id='word_1_39' title='bbox 763 929 904 990; x_wconf 86' lang='lat' dir='ltr'><strong>actionem</strong></span> <span class='ocrx_word' id='word_1_40' title='bbox 917 931 1037 991; x_wconf 79' lang='lat' dir='ltr'><strong>liberam</strong></span> 
     </span>
     <span class='ocr_line' id='line_1_6' title="bbox 91 1027 1033 1106; baseline 0.006 -21"><span class='ocrx_word' id='word_1_41' title='bbox 91 1031 119 1085; x_wconf 89' lang='lat' dir='ltr'><strong>et</strong></span> <span class='ocrx_word' id='word_1_42' title='bbox 130 1027 365 1104; x_wconf 83' lang='lat' dir='ltr'><strong>peccaminosam,</strong></span> <span class='ocrx_word' id='word_1_43' title='bbox 382 1031 417 1086; x_wconf 91' lang='lat' dir='ltr'><strong>ut</strong></span> <span class='ocrx_word' id='word_1_44' title='bbox 431 1029 519 1086; x_wconf 83' lang='lat' dir='ltr'><strong>verba</strong></span> <span class='ocrx_word' id='word_1_45' title='bbox 533 1048 549 1085; x_wconf 88' lang='lat' dir='ltr'><strong>a</strong></span> <span class='ocrx_word' id='word_1_46' title='bbox 570 1027 686 1087; x_wconf 83' lang='lat' dir='ltr'><strong>Christo</strong></span> <span class='ocrx_word' id='word_1_47' title='bbox 701 1029 855 1106; x_wconf 87' lang='lat' dir='ltr'><strong>subjuncta</strong></span> <span class='ocrx_word' id='word_1_48' title='bbox 869 1031 1033 1092; x_wconf 87' lang='lat' dir='ltr'><strong>declarant:</strong></span> 
     </span>
     <span class='ocr_line' id='line_1_7' title="bbox 94 1127 1040 1208; baseline 0.005 -23"><span class='ocrx_word' id='word_1_49' title='bbox 94 1131 152 1186; x_wconf 88' lang='lat' dir='ltr'><strong>‘vae</strong></span> <span class='ocrx_word' id='word_1_50' title='bbox 179 1129 292 1188; x_wconf 87' lang='lat' dir='ltr'><strong>autem&#39;</strong></span> <span class='ocrx_word' id='word_1_51' title='bbox 316 1129 383 1200; x_wconf 78' lang='lat' dir='ltr'><strong>&amp;c.;</strong></span> <span class='ocrx_word' id='word_1_52' title='bbox 406 1127 440 1186; x_wconf 89' lang='lat' dir='ltr'><strong>fit</strong></span> <span class='ocrx_word' id='word_1_53' title='bbox 463 1131 498 1186; x_wconf 91' lang='lat' dir='ltr'><strong>ut</strong></span> <span class='ocrx_word' id='word_1_54' title='bbox 521 1147 580 1186; x_wconf 90' lang='lat' dir='ltr'><strong>non</strong></span> <span class='ocrx_word' id='word_1_55' title='bbox 603 1127 677 1187; x_wconf 90' lang='lat' dir='ltr'><strong>desit</strong></span> <span class='ocrx_word' id='word_1_56' title='bbox 703 1129 834 1205; x_wconf 85' lang='lat' dir='ltr'><strong>potentia</strong></span> <span class='ocrx_word' id='word_1_57' title='bbox 859 1130 980 1208; x_wconf 73' lang='lat' dir='ltr'><strong>physica</strong></span> <span class='ocrx_word' id='word_1_58' title='bbox 1004 1133 1040 1190; x_wconf 92' lang='lat' dir='ltr'><strong>ad</strong></span> 
     </span>
     <span class='ocr_line' id='line_1_8' title="bbox 91 1227 1041 1309; baseline 0.004 -23"><span class='ocrx_word' id='word_1_59' title='bbox 91 1227 239 1288; x_wconf 88' lang='lat' dir='ltr'><strong>vitandum</strong></span> <span class='ocrx_word' id='word_1_60' title='bbox 262 1228 413 1306; x_wconf 82' lang='lat' dir='ltr'><strong>quodlibet</strong></span> <span class='ocrx_word' id='word_1_61' title='bbox 435 1227 625 1287; x_wconf 88' lang='lat' dir='ltr'><strong>scandalum:</strong></span> <span class='ocrx_word' id='word_1_62' title='bbox 651 1247 717 1304; x_wconf 84' lang='lat' dir='ltr'><strong>ergo</strong></span> <span class='ocrx_word' id='word_1_63' title='bbox 739 1229 894 1289; x_wconf 67' lang='lat' dir='ltr'><strong>nenessitas</strong></span> <span class='ocrx_word' id='word_1_64' title='bbox 918 1231 971 1290; x_wconf 87' lang='lat' dir='ltr'><strong>illa</strong></span> <span class='ocrx_word' id='word_1_65' title='bbox 990 1252 1041 1309; x_wconf 84' lang='lat' dir='ltr'><strong>per</strong></span> 
     </span>
     <span class='ocr_line' id='line_1_9' title="bbox 91 1327 1043 1406; baseline 0.004 -20"><span class='ocrx_word' id='word_1_66' title='bbox 91 1347 173 1405; x_wconf 92' lang='lat' dir='ltr'><strong>quam</strong></span> <span class='ocrx_word' id='word_1_67' title='bbox 187 1327 311 1387; x_wconf 88' lang='lat' dir='ltr'><strong>veniunt</strong></span> <span class='ocrx_word' id='word_1_68' title='bbox 326 1327 460 1387; x_wconf 83' lang='lat' dir='ltr'><strong>scandala</strong></span> <span class='ocrx_word' id='word_1_69' title='bbox 474 1331 504 1386; x_wconf 90' lang='lat' dir='ltr'><strong>et</strong></span> <span class='ocrx_word' id='word_1_70' title='bbox 516 1327 690 1404; x_wconf 79' lang='lat' dir='ltr'><strong>impotentia</strong></span> <span class='ocrx_word' id='word_1_71' title='bbox 701 1328 746 1386; x_wconf 90' lang='lat' dir='ltr'><strong>illi</strong></span> <span class='ocrx_word' id='word_1_72' title='bbox 761 1330 900 1406; x_wconf 88' lang='lat' dir='ltr'><strong>opposita,</strong></span> <span class='ocrx_word' id='word_1_73' title='bbox 917 1334 961 1390; x_wconf 90' lang='lat' dir='ltr'><strong>est</strong></span> <span class='ocrx_word' id='word_1_74' title='bbox 975 1335 1043 1390; x_wconf 85' lang='lat' dir='ltr'><strong>tau·¹</strong></span> 
     </span>
     <span class='ocr_line' id='line_1_10' title="bbox 90 1427 1037 1507; baseline 0.002 -20"><span class='ocrx_word' id='word_1_75' title='bbox 90 1433 148 1488; x_wconf 89' lang='lat' dir='ltr'><strong>tum</strong></span> <span class='ocrx_word' id='word_1_76' title='bbox 161 1429 287 1500; x_wconf 85' lang='lat' dir='ltr'><strong>moralis,</strong></span> <span class='ocrx_word' id='word_1_77' title='bbox 304 1431 333 1487; x_wconf 88' lang='lat' dir='ltr'><strong>et</strong></span> <span class='ocrx_word' id='word_1_78' title='bbox 346 1428 537 1486; x_wconf 86' lang='lat' dir='ltr'><strong>nihilominus</strong></span> <span class='ocrx_word' id='word_1_79' title='bbox 551 1427 618 1487; x_wconf 88' lang='lat' dir='ltr'><strong>talis</strong></span> <span class='ocrx_word' id='word_1_80' title='bbox 632 1431 720 1488; x_wconf 88' lang='lat' dir='ltr'><strong>estut</strong></span> <span class='ocrx_word' id='word_1_81' title='bbox 733 1447 884 1507; x_wconf 88' lang='lat' dir='ltr'><strong>nunquam</strong></span> <span class='ocrx_word' id='word_1_82' title='bbox 898 1431 1037 1490; x_wconf 90' lang='lat' dir='ltr'><strong>deficiat”</strong></span> 
     </span>
     <span class='ocr_line' id='line_1_11' title="bbox 90 1528 1036 1606; baseline 0.003 -20"><span class='ocrx_word' id='word_1_83' title='bbox 90 1529 129 1606; x_wconf 85' lang='lat' dir='ltr'><strong>(n.</strong></span> <span class='ocrx_word' id='word_1_84' title='bbox 146 1531 205 1594; x_wconf 76' lang='lat'><strong>32).</strong></span> <span class='ocrx_word' id='word_1_85' title='bbox 248 1529 368 1588; x_wconf 80' lang='lat' dir='ltr'><strong>Certum</strong></span> <span class='ocrx_word' id='word_1_86' title='bbox 386 1528 444 1586; x_wconf 91' lang='lat' dir='ltr'><strong>imo</strong></span> <span class='ocrx_word' id='word_1_87' title='bbox 465 1528 625 1587; x_wconf 87' lang='lat' dir='ltr'><strong>revelatum</strong></span> <span class='ocrx_word' id='word_1_88' title='bbox 644 1532 687 1586; x_wconf 92' lang='lat' dir='ltr'><strong>est</strong></span> <span class='ocrx_word' id='word_1_89' title='bbox 707 1529 814 1587; x_wconf 87' lang='lat' dir='ltr'><strong>multos</strong></span> <span class='ocrx_word' id='word_1_90' title='bbox 833 1549 946 1606; x_wconf 89' lang='lat' dir='ltr'><strong>semper</strong></span> <span class='ocrx_word' id='word_1_91' title='bbox 967 1550 1036 1604; x_wconf 90' lang='lat' dir='ltr'><strong>esse,</strong></span> 
     </span>
     <span class='ocr_line' id='line_1_12' title="bbox 88 1627 1036 1705; baseline 0.003 -19"><span class='ocrx_word' id='word_1_92' title='bbox 88 1648 143 1687; x_wconf 91' lang='lat' dir='ltr'><strong>non</strong></span> <span class='ocrx_word' id='word_1_93' title='bbox 162 1629 256 1688; x_wconf 89' lang='lat' dir='ltr'><strong>solum</strong></span> <span class='ocrx_word' id='word_1_94' title='bbox 278 1629 388 1704; x_wconf 90' lang='lat' dir='ltr'><strong>ubique</strong></span> <span class='ocrx_word' id='word_1_95' title='bbox 409 1632 492 1686; x_wconf 89' lang='lat' dir='ltr'><strong>extra</strong></span> <span class='ocrx_word' id='word_1_96' title='bbox 512 1627 680 1700; x_wconf 80' lang='lat' dir='ltr'><strong>Ecclesiam,</strong></span> <span class='ocrx_word' id='word_1_97' title='bbox 698 1629 748 1686; x_wconf 91' lang='lat' dir='ltr'><strong>sed</strong></span> <span class='ocrx_word' id='word_1_98' title='bbox 767 1628 799 1686; x_wconf 90' lang='lat' dir='ltr'><strong>in</strong></span> <span class='ocrx_word' id='word_1_99' title='bbox 815 1627 879 1705; x_wconf 86' lang='lat' dir='ltr'><strong>ipsa</strong></span> <span class='ocrx_word' id='word_1_100' title='bbox 897 1629 1036 1704; x_wconf 83' lang='lat' dir='ltr'><strong>Ecclesia,</strong></span> 
     </span>
     <span class='ocr_line' id='line_1_13' title="bbox 88 1727 1039 1805; baseline 0.004 -20"><span class='ocrx_word' id='word_1_101' title='bbox 88 1727 228 1805; x_wconf 87' lang='lat' dir='ltr'><strong>improbos</strong></span> <span class='ocrx_word' id='word_1_102' title='bbox 251 1732 280 1787; x_wconf 88' lang='lat' dir='ltr'><strong>et</strong></span> <span class='ocrx_word' id='word_1_103' title='bbox 302 1729 405 1786; x_wconf 90' lang='lat' dir='ltr'><strong>malos:</strong></span> <span class='ocrx_word' id='word_1_104' title='bbox 427 1728 519 1803; x_wconf 86' lang='lat' dir='ltr'><strong>posito</strong></span> <span class='ocrx_word' id='word_1_105' title='bbox 543 1731 640 1786; x_wconf 90' lang='lat' dir='ltr'><strong>autem</strong></span> <span class='ocrx_word' id='word_1_106' title='bbox 663 1728 717 1788; x_wconf 89' lang='lat' dir='ltr'><strong>hoc</strong></span> <span class='ocrx_word' id='word_1_107' title='bbox 737 1728 813 1787; x_wconf 86' lang='lat' dir='ltr'><strong>facto</strong></span> <span class='ocrx_word' id='word_1_108' title='bbox 834 1747 884 1788; x_wconf 86' lang='lat' dir='ltr'><strong>seu</strong></span> <span class='ocrx_word' id='word_1_109' title='bbox 904 1729 1039 1789; x_wconf 89' lang='lat' dir='ltr'><strong>insensu</strong></span> 
     </span>
     <span class='ocr_line' id='line_1_14' title="bbox 87 1827 1038 1906; baseline 0.003 -20"><span class='ocrx_word' id='word_1_110' title='bbox 87 1829 249 1906; x_wconf 90' lang='lat' dir='ltr'><strong>composito,</strong></span> <span class='ocrx_word' id='word_1_111' title='bbox 265 1827 582 1904; x_wconf 86' lang='lat' dir='ltr'><strong>ahsoluteimpossibile</strong></span> <span class='ocrx_word' id='word_1_112' title='bbox 592 1831 678 1888; x_wconf 86' lang='lat' dir='ltr'><strong>estut</strong></span> <span class='ocrx_word' id='word_1_113' title='bbox 693 1828 1038 1903; x_wconf 81' lang='lat' dir='ltr'><strong>nonveniantscandala3</strong></span> 
     </span>
     <span class='ocr_line' id='line_1_15' title="bbox 88 1927 1037 2005; baseline 0.005 -20"><span class='ocrx_word' id='word_1_114' title='bbox 88 1946 150 1987; x_wconf 89' lang='lat' dir='ltr'><strong>oum</strong></span> <span class='ocrx_word' id='word_1_115' title='bbox 172 1932 216 1987; x_wconf 92' lang='lat' dir='ltr'><strong>tot</strong></span> <span class='ocrx_word' id='word_1_116' title='bbox 244 1927 440 2004; x_wconf 82' lang='lat' dir='ltr'><strong>improborum</strong></span> <span class='ocrx_word' id='word_1_117' title='bbox 463 1927 532 1985; x_wconf 86' lang='lat' dir='ltr'><strong>vitae</strong></span> <span class='ocrx_word' id='word_1_118' title='bbox 561 1927 693 2004; x_wconf 82' lang='lat' dir='ltr'><strong>pessimae</strong></span> <span class='ocrx_word' id='word_1_119' title='bbox 718 1931 786 1987; x_wconf 90' lang='lat' dir='ltr'><strong>sunt</strong></span> <span class='ocrx_word' id='word_1_120' title='bbox 807 1929 871 2005; x_wconf 89' lang='lat' dir='ltr'><strong>ipse</strong></span> <span class='ocrx_word' id='word_1_121' title='bbox 894 1929 1037 1991; x_wconf 88' lang='lat' dir='ltr'><strong>scandala.</strong></span> 
     </span>
     <span class='ocr_line' id='line_1_16' title="bbox 87 2025 1038 2107; baseline 0.003 -21"><span class='ocrx_word' id='word_1_122' title='bbox 87 2027 141 2086; x_wconf 82' lang='lat' dir='ltr'><strong>sed</strong></span> <span class='ocrx_word' id='word_1_123' title='bbox 156 2028 224 2087; x_wconf 90' lang='lat' dir='ltr'><strong>inde</strong></span> <span class='ocrx_word' id='word_1_124' title='bbox 245 2045 302 2085; x_wconf 90' lang='lat' dir='ltr'><strong>non</strong></span> <span class='ocrx_word' id='word_1_125' title='bbox 318 2026 449 2102; x_wconf 88' lang='lat' dir='ltr'><strong>sequitur</strong></span> <span class='ocrx_word' id='word_1_126' title='bbox 463 2045 523 2084; x_wconf 88' lang='lat' dir='ltr'><strong>esse</strong></span> <span class='ocrx_word' id='word_1_127' title='bbox 536 2025 568 2084; x_wconf 90' lang='lat' dir='ltr'><strong>in</strong></span> <span class='ocrx_word' id='word_1_128' title='bbox 581 2027 642 2085; x_wconf 91' lang='lat' dir='ltr'><strong>ullo</strong></span> <span class='ocrx_word' id='word_1_129' title='bbox 664 2028 876 2087; x_wconf 84' lang='lat' dir='ltr'><strong>scandalizante</strong></span> <span class='ocrx_word' id='word_1_130' title='bbox 894 2028 1038 2107; x_wconf 89' lang='lat' dir='ltr'><strong>impoten-</strong></span> 
     </span>
     <span class='ocr_line' id='line_1_17' title="bbox 86 2125 1037 2202; baseline 0.007 -18"><span class='ocrx_word' id='word_1_131' title='bbox 86 2126 154 2186; x_wconf 89' lang='lat' dir='ltr'><strong>tiam</strong></span> <span class='ocrx_word' id='word_1_132' title='bbox 181 2127 243 2186; x_wconf 83' lang='lat' dir='ltr'><strong>sive</strong></span> <span class='ocrx_word' id='word_1_133' title='bbox 271 2126 422 2202; x_wconf 86' lang='lat' dir='ltr'><strong>physicam</strong></span> <span class='ocrx_word' id='word_1_134' title='bbox 457 2125 518 2184; x_wconf 79' lang='lat' dir='ltr'><strong>sive</strong></span> <span class='ocrx_word' id='word_1_135' title='bbox 551 2127 688 2185; x_wconf 90' lang='lat' dir='ltr'><strong>moralem</strong></span> <span class='ocrx_word' id='word_1_136' title='bbox 722 2148 780 2187; x_wconf 91' lang='lat' dir='ltr'><strong>non</strong></span> <span class='ocrx_word' id='word_1_137' title='bbox 814 2129 1037 2191; x_wconf 86' lang='lat' dir='ltr'><strong>scandalizandi.</strong></span> 
     </span>
     <span class='ocr_line' id='line_1_18' title="bbox 85 2225 662 2286; baseline 0.003 -2"><span class='ocrx_word' id='word_1_138' title='bbox 85 2227 163 2286; x_wconf 88' lang='lat' dir='ltr'><strong>Idem</strong></span> <span class='ocrx_word' id='word_1_139' title='bbox 179 2228 214 2286; x_wconf 91' lang='lat' dir='ltr'><strong>de</strong></span> <span class='ocrx_word' id='word_1_140' title='bbox 229 2225 425 2284; x_wconf 82' lang='lat' dir='ltr'><strong>scandalizato</strong></span> <span class='ocrx_word' id='word_1_141' title='bbox 439 2225 594 2284; x_wconf 86' lang='lat' dir='ltr'><strong>dicendum</strong></span> <span class='ocrx_word' id='word_1_142' title='bbox 609 2229 662 2286; x_wconf 89' lang='lat' dir='ltr'><strong>est.</strong></span> 
     </span>
    </p>

    <p class='ocr_par' dir='ltr' id='par_1_3' title="bbox 81 2326 1038 3784">
     <span class='ocr_line' id='line_1_19' title="bbox 123 2326 1035 2403; baseline 0.003 -18"><span class='ocrx_word' id='word_1_143' title='bbox 123 2327 194 2388; x_wconf 61' lang='lat'><strong>⁴³26.</strong></span> <span class='ocrx_word' id='word_1_144' title='bbox 217 2328 487 2398; x_wconf 78' lang='lat' dir='ltr'><strong>Sannaumcuusas,</strong></span> <span class='ocrx_word' id='word_1_145' title='bbox 507 2326 615 2403; x_wconf 89' lang='lat' dir='ltr'><strong>rejecta</strong></span> <span class='ocrx_word' id='word_1_146' title='bbox 630 2327 774 2386; x_wconf 85' lang='lat' dir='ltr'><strong>sententia</strong></span> <span class='ocrx_word' id='word_1_147' title='bbox 790 2327 937 2402; x_wconf 69' lang='lat' dir='ltr'><strong>Suessam,</strong></span> <span class='ocrx_word' id='word_1_148' title='bbox 957 2347 1035 2388; x_wconf 88' lang='lat' dir='ltr'><strong>suam</strong></span> 
     </span>
     <span class='ocr_line' id='line_1_20' title="bbox 83 2426 1038 2503; baseline 0.004 -19"><span class='ocrx_word' id='word_1_149' title='bbox 83 2427 233 2502; x_wconf 81' lang='lat' dir='ltr'><strong>proferunt</strong></span> <span class='ocrx_word' id='word_1_150' title='bbox 247 2430 277 2486; x_wconf 88' lang='lat' dir='ltr'><strong>et</strong></span> <span class='ocrx_word' id='word_1_151' title='bbox 290 2426 459 2497; x_wconf 86' lang='lat' dir='ltr'><strong>defendunt,</strong></span> <span class='ocrx_word' id='word_1_152' title='bbox 472 2429 507 2484; x_wconf 94' lang='lat' dir='ltr'><strong>ut</strong></span> <span class='ocrx_word' id='word_1_153' title='bbox 523 2445 618 2503; x_wconf 86' lang='lat' dir='ltr'><strong>supra,</strong></span> <span class='ocrx_word' id='word_1_154' title='bbox 633 2445 662 2486; x_wconf 91' lang='lat' dir='ltr'><strong>n.</strong></span> <span class='ocrx_word' id='word_1_155' title='bbox 678 2428 722 2486; x_wconf 85' lang='lat'><strong>17.</strong></span> <span class='ocrx_word' id='word_1_156' title='bbox 757 2427 825 2486; x_wconf 86' lang='lat' dir='ltr'><strong>Alia</strong></span> <span class='ocrx_word' id='word_1_157' title='bbox 838 2433 882 2488; x_wconf 87' lang='lat' dir='ltr'><strong>est</strong></span> <span class='ocrx_word' id='word_1_158' title='bbox 895 2429 1038 2488; x_wconf 86' lang='lat' dir='ltr'><strong>sententia</strong></span> 
     </span>
     <span class='ocr_line' id='line_1_21' title="bbox 83 2524 1037 2604; baseline -0.002 -18"><span class='ocrx_word' id='word_1_159' title='bbox 83 2545 145 2604; x_wconf 74' lang='lat' dir='ltr'><strong>quse</strong></span> <span class='ocrx_word' id='word_1_160' title='bbox 159 2525 361 2588; x_wconf 87' lang='lat' dir='ltr'><strong>difficultatem</strong></span> <span class='ocrx_word' id='word_1_161' title='bbox 375 2525 466 2602; x_wconf 88' lang='lat' dir='ltr'><strong>hujus</strong></span> <span class='ocrx_word' id='word_1_162' title='bbox 488 2524 658 2602; x_wconf 86' lang='lat' dir='ltr'><strong>quaestionis</strong></span> <span class='ocrx_word' id='word_1_163' title='bbox 671 2525 846 2603; x_wconf 67' lang='lat' dir='ltr'><strong>praeeipuam</strong></span> <span class='ocrx_word' id='word_1_164' title='bbox 865 2527 991 2603; x_wconf 87' lang='lat' dir='ltr'><strong>(nempe,</strong></span> <span class='ocrx_word' id='word_1_165' title='bbox 1007 2527 1037 2584; x_wconf 90' lang='lat' dir='ltr'><strong>id</strong></span> 
     </span>
     <span class='ocr_line' id='line_1_22' title="bbox 82 2625 1038 2704; baseline 0 -20"><span class='ocrx_word' id='word_1_166' title='bbox 82 2646 138 2687; x_wconf 92' lang='lat' dir='ltr'><strong>nou</strong></span> <span class='ocrx_word' id='word_1_167' title='bbox 150 2647 210 2688; x_wconf 89' lang='lat' dir='ltr'><strong>esse</strong></span> <span class='ocrx_word' id='word_1_168' title='bbox 223 2629 376 2704; x_wconf 87' lang='lat' dir='ltr'><strong>peccatum</strong></span> <span class='ocrx_word' id='word_1_169' title='bbox 390 2625 465 2702; x_wconf 91' lang='lat' dir='ltr'><strong>quod</strong></span> <span class='ocrx_word' id='word_1_170' title='bbox 480 2626 566 2684; x_wconf 91' lang='lat' dir='ltr'><strong>homo</strong></span> <span class='ocrx_word' id='word_1_171' title='bbox 587 2625 680 2684; x_wconf 85' lang='lat' dir='ltr'><strong>vitare</strong></span> <span class='ocrx_word' id='word_1_172' title='bbox 693 2645 752 2684; x_wconf 91' lang='lat' dir='ltr'><strong>non</strong></span> <span class='ocrx_word' id='word_1_173' title='bbox 772 2627 881 2704; x_wconf 89' lang='lat' dir='ltr'><strong>potest)</strong></span> <span class='ocrx_word' id='word_1_174' title='bbox 903 2627 1038 2685; x_wconf 88' lang='lat' dir='ltr'><strong>dissolvit</strong></span> 
     </span>
     <span class='ocr_line' id='line_1_23' title="bbox 83 2725 1037 2804; baseline 0.003 -19"><span class='ocrx_word' id='word_1_175' title='bbox 83 2727 200 2788; x_wconf 90' lang='lat' dir='ltr'><strong>diceudo</strong></span> <span class='ocrx_word' id='word_1_176' title='bbox 223 2728 368 2786; x_wconf 88' lang='lat' dir='ltr'><strong>hominem</strong></span> <span class='ocrx_word' id='word_1_177' title='bbox 393 2725 426 2784; x_wconf 88' lang='lat' dir='ltr'><strong>iu</strong></span> <span class='ocrx_word' id='word_1_178' title='bbox 446 2745 515 2785; x_wconf 88' lang='lat' dir='ltr'><strong>casu</strong></span> <span class='ocrx_word' id='word_1_179' title='bbox 537 2745 665 2804; x_wconf 86' lang='lat' dir='ltr'><strong>peceare,</strong></span> <span class='ocrx_word' id='word_1_180' title='bbox 689 2726 758 2804; x_wconf 86' lang='lat' dir='ltr'><strong>quia</strong></span> <span class='ocrx_word' id='word_1_181' title='bbox 782 2727 877 2802; x_wconf 86' lang='lat' dir='ltr'><strong>gratia</strong></span> <span class='ocrx_word' id='word_1_182' title='bbox 901 2726 1037 2788; x_wconf 92' lang='lat' dir='ltr'><strong>omnibus</strong></span> 
     </span>
     <span class='ocr_line' id='line_1_24' title="bbox 82 2826 1036 2904; baseline 0.003 -20"><span class='ocrx_word' id='word_1_183' title='bbox 82 2827 225 2888; x_wconf 82' lang='lat' dir='ltr'><strong>deturant</strong></span> <span class='ocrx_word' id='word_1_184' title='bbox 238 2831 427 2904; x_wconf 76' lang='lat' dir='ltr'><strong>preparatur,</strong></span> <span class='ocrx_word' id='word_1_185' title='bbox 444 2845 502 2903; x_wconf 90' lang='lat' dir='ltr'><strong>qua</strong></span> <span class='ocrx_word' id='word_1_186' title='bbox 515 2826 628 2903; x_wconf 88' lang='lat' dir='ltr'><strong>possint</strong></span> <span class='ocrx_word' id='word_1_187' title='bbox 638 2845 672 2885; x_wconf 90' lang='lat' dir='ltr'><strong>ea</strong></span> <span class='ocrx_word' id='word_1_188' title='bbox 685 2831 829 2903; x_wconf 83' lang='lat' dir='ltr'><strong>praestare,</strong></span> <span class='ocrx_word' id='word_1_189' title='bbox 845 2845 910 2903; x_wconf 87' lang='lat' dir='ltr'><strong>quae</strong></span> <span class='ocrx_word' id='word_1_190' title='bbox 923 2826 1036 2887; x_wconf 80' lang='lat' dir='ltr'><strong>viribus</strong></span> 
     </span>
     <span class='ocr_line' id='line_1_25' title="bbox 83 2927 1033 3004; baseline 0.002 -20"><span class='ocrx_word' id='word_1_191' title='bbox 83 2931 191 2988; x_wconf 73' lang='lat' dir='ltr'><strong>nature</strong></span> <span class='ocrx_word' id='word_1_192' title='bbox 219 2930 356 3004; x_wconf 73' lang='lat' dir='ltr'><strong>praestare</strong></span> <span class='ocrx_word' id='word_1_193' title='bbox 383 2946 442 2984; x_wconf 91' lang='lat' dir='ltr'><strong>non</strong></span> <span class='ocrx_word' id='word_1_194' title='bbox 469 2931 599 3002; x_wconf 87' lang='lat' dir='ltr'><strong>possunt.</strong></span> <span class='ocrx_word' id='word_1_195' title='bbox 646 2927 755 2997; x_wconf 77' lang='lat' dir='ltr'><strong>Genea,</strong></span> <span class='ocrx_word' id='word_1_196' title='bbox 785 2928 811 2985; x_wconf 92' lang='lat' dir='ltr'><strong>d.</strong></span> <span class='ocrx_word' id='word_1_197' title='bbox 842 2929 868 2998; x_wconf 92' lang='lat'><strong>1,</strong></span> <span class='ocrx_word' id='word_1_198' title='bbox 897 2947 927 2987; x_wconf 92' lang='lat' dir='ltr'><strong>n.</strong></span> <span class='ocrx_word' id='word_1_199' title='bbox 957 2931 1033 3000; x_wconf 83' lang='lat'><strong>314;</strong></span> 
     </span>
     <span class='ocr_line' id='line_1_26' title="bbox 82 3026 1032 3104; baseline 0.001 -20"><span class='ocrx_word' id='word_1_200' title='bbox 82 3027 226 3100; x_wconf 79' lang='lat' dir='ltr'><strong>hunmun,</strong></span> <span class='ocrx_word' id='word_1_201' title='bbox 244 3047 267 3086; x_wconf 93' lang='lat' dir='ltr'><strong>c.</strong></span> <span class='ocrx_word' id='word_1_202' title='bbox 284 3031 312 3099; x_wconf 90' lang='grc'><strong>5,</strong></span> <span class='ocrx_word' id='word_1_203' title='bbox 326 3046 349 3086; x_wconf 87' lang='lat' dir='ltr'><strong>a.</strong></span> <span class='ocrx_word' id='word_1_204' title='bbox 366 3033 394 3099; x_wconf 79' lang='lat'><strong>3,</strong></span> <span class='ocrx_word' id='word_1_205' title='bbox 407 3027 463 3104; x_wconf 84' lang='lat' dir='ltr'><strong>obj.</strong></span> <span class='ocrx_word' id='word_1_206' title='bbox 480 3032 496 3084; x_wconf 84' lang='lat'><strong><em>5</em></strong></span> <span class='ocrx_word' id='word_1_207' title='bbox 510 3047 516 3097; x_wconf 91' lang='grc'>;</span> <span class='ocrx_word' id='word_1_208' title='bbox 534 3026 674 3098; x_wconf 82' lang='lat' dir='ltr'><strong>Suuueon,</strong></span> <span class='ocrx_word' id='word_1_209' title='bbox 686 3027 715 3086; x_wconf 86' lang='lat' dir='ltr'><strong>d.</strong></span> <span class='ocrx_word' id='word_1_210' title='bbox 728 3032 755 3100; x_wconf 83' lang='grc'><strong>4,</strong></span> <span class='ocrx_word' id='word_1_211' title='bbox 771 3047 798 3104; x_wconf 89' lang='lat' dir='ltr'><strong>q.</strong></span> <span class='ocrx_word' id='word_1_212' title='bbox 813 3031 840 3100; x_wconf 76' lang='lat'><strong>2,</strong></span> <span class='ocrx_word' id='word_1_213' title='bbox 854 3047 879 3086; x_wconf 91' lang='lat' dir='ltr'><strong>a.</strong></span> <span class='ocrx_word' id='word_1_214' title='bbox 896 3032 923 3099; x_wconf 87' lang='lat'><strong>3,</strong></span> <span class='ocrx_word' id='word_1_215' title='bbox 940 3047 968 3086; x_wconf 91' lang='lat' dir='ltr'><strong>n.</strong></span> <span class='ocrx_word' id='word_1_216' title='bbox 987 3032 1032 3100; x_wconf 89' lang='lat'><strong>10,</strong></span> 
     </span>
     <span class='ocr_line' id='line_1_27' title="bbox 83 3125 1036 3206; baseline 0.003 -22"><span class='ocrx_word' id='word_1_217' title='bbox 83 3129 111 3185; x_wconf 88' lang='lat' dir='ltr'><strong>et</strong></span> <span class='ocrx_word' id='word_1_218' title='bbox 124 3127 184 3187; x_wconf 82' lang='lat' dir='ltr'><strong>alii.</strong></span> <span class='ocrx_word' id='word_1_219' title='bbox 226 3127 291 3186; x_wconf 90' lang='lat' dir='ltr'><strong>Hoc</strong></span> <span class='ocrx_word' id='word_1_220' title='bbox 303 3125 420 3204; x_wconf 88' lang='lat' dir='ltr'><strong>quidem</strong></span> <span class='ocrx_word' id='word_1_221' title='bbox 435 3127 470 3184; x_wconf 90' lang='lat' dir='ltr'><strong>de</strong></span> <span class='ocrx_word' id='word_1_222' title='bbox 484 3125 621 3185; x_wconf 87' lang='lat' dir='ltr'><strong>fidelibus</strong></span> <span class='ocrx_word' id='word_1_223' title='bbox 635 3126 818 3186; x_wconf 88' lang='lat' dir='ltr'><strong>verissimum</strong></span> <span class='ocrx_word' id='word_1_224' title='bbox 833 3133 885 3201; x_wconf 89' lang='lat' dir='ltr'><strong>est,</strong></span> <span class='ocrx_word' id='word_1_225' title='bbox 897 3132 926 3188; x_wconf 89' lang='lat' dir='ltr'><strong>et</strong></span> <span class='ocrx_word' id='word_1_226' title='bbox 940 3129 1036 3206; x_wconf 90' lang='lat' dir='ltr'><strong>quoad</strong></span> 
     </span>
     <span class='ocr_line' id='line_1_28' title="bbox 83 3226 1035 3304; baseline 0 -18"><span class='ocrx_word' id='word_1_227' title='bbox 83 3245 128 3286; x_wconf 89' lang='lat' dir='ltr'><strong>eos</strong></span> <span class='ocrx_word' id='word_1_228' title='bbox 154 3245 270 3286; x_wconf 90' lang='lat' dir='ltr'><strong>omnem</strong></span> <span class='ocrx_word' id='word_1_229' title='bbox 297 3226 498 3286; x_wconf 87' lang='lat' dir='ltr'><strong>difficultatem</strong></span> <span class='ocrx_word' id='word_1_230' title='bbox 531 3246 648 3304; x_wconf 87' lang='lat' dir='ltr'><strong>prorsus</strong></span> <span class='ocrx_word' id='word_1_231' title='bbox 682 3227 778 3286; x_wconf 89' lang='lat' dir='ltr'><strong>tollit:</strong></span> <span class='ocrx_word' id='word_1_232' title='bbox 814 3228 923 3286; x_wconf 90' lang='lat' dir='ltr'><strong>habent</strong></span> <span class='ocrx_word' id='word_1_233' title='bbox 957 3229 1035 3287; x_wconf 87' lang='lat' dir='ltr'><strong>enim</strong></span> 
     </span>
     <span class='ocr_line' id='line_1_29' title="bbox 81 3319 1034 3404; baseline 0.001 -20"><span class='ocrx_word' id='word_1_234' title='bbox 81 3326 205 3401; x_wconf 85' lang='lat' dir='ltr'><strong>gratiam</strong></span> <span class='ocrx_word' id='word_1_235' title='bbox 223 3319 323 3386; x_wconf 82' lang='lat' dir='ltr'><strong>orandi</strong></span> <span class='ocrx_word' id='word_1_236' title='bbox 347 3326 436 3386; x_wconf 89' lang='lat' dir='ltr'><strong>etiam</strong></span> <span class='ocrx_word' id='word_1_237' title='bbox 457 3326 589 3403; x_wconf 82' lang='lat' dir='ltr'><strong>proxime</strong></span> <span class='ocrx_word' id='word_1_238' title='bbox 611 3327 807 3402; x_wconf 89' lang='lat' dir='ltr'><strong>sufficientem,</strong></span> <span class='ocrx_word' id='word_1_239' title='bbox 834 3347 892 3404; x_wconf 85' lang='lat' dir='ltr'><strong>qua</strong></span> <span class='ocrx_word' id='word_1_240' title='bbox 913 3327 1034 3404; x_wconf 85' lang='lat' dir='ltr'><strong>gratiam</strong></span> 
     </span>
     <span class='ocr_line' id='line_1_30' title="bbox 82 3425 1033 3504; baseline 0.001 -21"><span class='ocrx_word' id='word_1_241' title='bbox 82 3425 116 3485; x_wconf 87' lang='lat' dir='ltr'><strong>ad</strong></span> <span class='ocrx_word' id='word_1_242' title='bbox 135 3426 314 3486; x_wconf 89' lang='lat' dir='ltr'><strong>tentationes</strong></span> <span class='ocrx_word' id='word_1_243' title='bbox 335 3425 493 3486; x_wconf 87' lang='lat' dir='ltr'><strong>vincendas</strong></span> <span class='ocrx_word' id='word_1_244' title='bbox 514 3426 668 3503; x_wconf 82' lang='lat' dir='ltr'><strong>impetrare</strong></span> <span class='ocrx_word' id='word_1_245' title='bbox 695 3430 833 3504; x_wconf 90' lang='lat' dir='ltr'><strong>possunt;</strong></span> <span class='ocrx_word' id='word_1_246' title='bbox 866 3427 914 3485; x_wconf 91' lang='lat' dir='ltr'><strong>sed</strong></span> <span class='ocrx_word' id='word_1_247' title='bbox 939 3427 1033 3502; x_wconf 90' lang='lat' dir='ltr'><strong>quoad</strong></span> 
     </span>
     <span class='ocr_line' id='line_1_31' title="bbox 82 3521 1033 3605; baseline 0.002 -24"><span class='ocrx_word' id='word_1_248' title='bbox 82 3521 214 3585; x_wconf 84' lang='lat' dir='ltr'><strong>infideles</strong></span> <span class='ocrx_word' id='word_1_249' title='bbox 234 3525 386 3602; x_wconf 84' lang='lat' dir='ltr'><strong>negativos</strong></span> <span class='ocrx_word' id='word_1_250' title='bbox 407 3527 456 3604; x_wconf 91' lang='lat' dir='ltr'><strong>(ut</strong></span> <span class='ocrx_word' id='word_1_251' title='bbox 476 3529 580 3586; x_wconf 86' lang='lat' dir='ltr'><strong>notant</strong></span> <span class='ocrx_word' id='word_1_252' title='bbox 594 3527 684 3586; x_wconf 79' lang='lat' dir='ltr'><strong>Saum.</strong></span> <span class='ocrx_word' id='word_1_253' title='bbox 700 3546 729 3586; x_wconf 89' lang='lat' dir='ltr'><strong>n.</strong></span> <span class='ocrx_word' id='word_1_254' title='bbox 746 3527 818 3605; x_wconf 83' lang='lat'>298)</span> <span class='ocrx_word' id='word_1_255' title='bbox 838 3529 937 3584; x_wconf 90' lang='lat' dir='ltr'><strong>manet</strong></span> <span class='ocrx_word' id='word_1_256' title='bbox 958 3525 1033 3583; x_wconf 91' lang='lat' dir='ltr'><strong>diffi-</strong></span> 
     </span>
     <span class='ocr_line' id='line_1_32' title="bbox 83 3623 1031 3704; baseline 0.003 -24"><span class='ocrx_word' id='word_1_257' title='bbox 83 3623 185 3685; x_wconf 87' lang='lat' dir='ltr'><strong>cultas.</strong></span> <span class='ocrx_word' id='word_1_258' title='bbox 226 3626 296 3685; x_wconf 87' lang='lat' dir='ltr'><strong>Alia</strong></span> <span class='ocrx_word' id='word_1_259' title='bbox 309 3633 353 3686; x_wconf 87' lang='lat' dir='ltr'><strong>est</strong></span> <span class='ocrx_word' id='word_1_260' title='bbox 367 3625 484 3685; x_wconf 87' lang='lat' dir='ltr'><strong>demum</strong></span> <span class='ocrx_word' id='word_1_261' title='bbox 498 3627 611 3701; x_wconf 87' lang='lat' dir='ltr'><strong>solutio,</strong></span> <span class='ocrx_word' id='word_1_262' title='bbox 629 3647 716 3704; x_wconf 90' lang='lat' dir='ltr'><strong>quam</strong></span> <span class='ocrx_word' id='word_1_263' title='bbox 737 3627 834 3686; x_wconf 87' lang='lat' dir='ltr'><strong>videas</strong></span> <span class='ocrx_word' id='word_1_264' title='bbox 849 3625 926 3702; x_wconf 88' lang='lat' dir='ltr'><strong>apud</strong></span> <span class='ocrx_word' id='word_1_265' title='bbox 942 3626 1031 3684; x_wconf 76' lang='lat' dir='ltr'><strong>Scan.</strong></span> 
     </span>
     <span class='ocr_line' id='line_1_33' title="bbox 84 3727 176 3784; baseline 0.043 -4"><span class='ocrx_word' id='word_1_266' title='bbox 84 3739 112 3781; x_wconf 91' lang='lat' dir='ltr'><strong>n.</strong></span> <span class='ocrx_word' id='word_1_267' title='bbox 128 3727 176 3784; x_wconf 79' lang='lat'><strong>24.</strong></span> 
     </span>
    </p>
   </div>
   <div class='ocr_carea' id='block_1_3' title="bbox 0 0 1216 4300">
    <p class='ocr_par' dir='ltr' id='par_1_4' title="bbox 0 0 1216 4300">
     <span class='ocr_line' id='line_1_34' title="bbox 0 0 1216 4300; baseline 0 4"><span class='ocrx_word' id='word_1_268' title='bbox 0 0 1216 4300; x_wconf 95' lang='lat' dir='ltr'><strong> </strong></span> 
     </span>
    </p>
   </div>
  </div>
 </body>
</html>
