2430 4304
148 355 210 436 246
511 355 567 423 De
585 354 717 424 Gratata.
906 353 1009 444 [nien.
1022 377 1091 426 vui.

150 520 294 588 Quoniam
322 523 428 596 autem,
457 523 488 581 in
515 524 697 602 expositione
722 524 813 602 hujus
839 528 1016 602 systematis,
1040 548 1095 586 non

148 639 246 681 omnes
269 626 401 681 auctores
421 623 497 683 inter
511 643 541 684 se
561 624 593 682 in
607 625 741 684 omnibns
758 629 913 686 convenire
924 627 1019 700 video,
1034 628 1096 686 aliis

147 721 202 780 hoc
215 719 280 778 aliis
300 720 375 780 illud
396 728 447 781 aut
460 722 709 801 interponentibus
728 729 779 784 aut
790 726 1096 802 praetermittentiltus;

149 819 215 880 aliis
236 820 313 880 inter
333 821 532 882 Thomismum
549 826 704 900 antiquum
727 829 758 884 et
775 826 976 898 recentiorem,
995 827 1096 902 genni-

148 937 219 980 num
233 923 263 980 et
277 920 407 998 spurium
423 921 684 998 distinguentibus,
704 923 811 984 idcirco
825 945 860 984 ea
873 930 992 985 tantum
1004 927 1097 1002 proie-

147 1037 253 1094 remus,
269 1018 301 1078 in
322 1021 430 1097 quibus
450 1023 594 1096 graviores
614 1023 773 1083 Thomistas
792 1025 1098 1084 etThomismiinter·

148 1125 244 1197 pretes
255 1119 420 1192 concinunt,
431 1127 583 1198 sequentes
592 1124 719 1182 maxime
732 1131 863 1184 auctores
872 1125 925 1202 qni
935 1126 973 1184 ab
982 1125 1100 1184 ineunte

150 1217 246 1278 seculo
270 1217 412 1294 superiori
435 1226 487 1278 eut
508 1224 635 1280 exeunte
659 1221 755 1279 seculo
771 1225 856 1282 llmo
869 1221 1042 1295 floruerunt,
1067 1235 1101 1280 nt

150 1319 249 1391 (lornr,
264 1317 413 1378 Brnnuaru
431 1320 513 1395 (edit.
528 1321 619 1394 Paris,
639 1324 724 1394 1827,
741 1341 785 1381 xx
798 1323 882 1400 vol),
899 1326 950 1382 dre.

189 1421 236 1476 29.
258 1419 328 1478 Post
341 1438 428 1496 supra
451 1419 537 1492 dicta,
554 1425 682 1498 systema
703 1422 928 1494 Themistum,
944 1424 1025 1501 quod
1045 1423 1101 1482 sal-

149 1521 209 1577 tem
223 1517 329 1577 attinet
343 1517 378 1576 ad
392 1517 536 1595 principia
549 1520 693 1595 generalia
707 1525 745 1590 et,
754 1521 842 1581 utita
856 1523 960 1595 dicam,
973 1522 1104 1580 animum

151 1605 223 1695 ojus,
235 1618 335 1694 paucis
348 1620 474 1676 enarrari
488 1623 593 1694 potest.
631 1620 671 1678 10.
694 1620 816 1680 Omnem
827 1622 950 1696 gratiam
960 1623 1104 1681 efficacem

152 1737 212 1777 essa
234 1717 269 1776 ab
283 1716 440 1776 intrinseco
463 1717 605 1777 efficacem
627 1738 679 1778 seu
701 1737 738 1778 ex
752 1739 782 1778 se
805 1727 835 1779 et
848 1720 973 1780 essentia
996 1741 1058 1792 sua,
1075 1725 1106 1778 et

152 1816 355 1877 antecedenter
377 1817 414 1875 ad
435 1835 547 1877 omnem
573 1837 742 1877 eonsensum
766 1825 906 1878 creature
932 1824 962 1878 et
976 1821 1012 1878 ab
1026 1821 1106 1878 omni

153 1917 206 1976 tali
221 1935 361 1979 consensu
373 1915 609 1994 independenter,
620 1919 763 1978 affirmant
772 1919 944 1978 Thomiste:
958 1919 1107 1978 etidcirco

153 2015 276 2093 gratiam
289 2033 348 2074 non
363 2035 423 2075 esse
437 2016 580 2075 efficacem
596 2017 665 2094 quia
677 2017 764 2077 homo
777 2017 932 2090 consentit,
948 2019 1000 2077 sed
1013 2019 1107 2076 homi-

152 2135 219 2177 nom
243 2117 404 2176 consentire
424 2117 493 2194 quia
516 2118 610 2194 gratia
633 2122 679 2178 est
692 2119 802 2178 efficax.
844 2121 887 2178 2⁰.
910 2119 984 2178 Haec
1004 2119 1108 2195 gratie

153 2215 306 2278 efficacitas
329 2217 453 2277 habetur
476 2237 514 2277 ex
541 2218 841 2295 praedeterminatione
864 2217 1002 2296 physica3
1030 2237 1107 2296 quae,

153 2337 219 2378 cum
233 2317 269 2377 ad
283 2335 381 2378 omnes
402 2321 483 2376 actus
497 2318 644 2377 naturales
664 2319 826 2378 necessaria
838 2323 891 2391 est,
907 2319 1003 2378 multo
1017 2319 1113 2395 magis

154 2418 282 2478 adactus
296 2417 538 2495 supernaturales.
569 2417 653 2476 Hanc
667 2423 766 2476 autem
775 2418 956 2480 voluntatem
966 2417 1025 2476 Dei
1038 2435 1112 2494 prte-

154 2518 394 2579 dsterminantem
405 2517 547 2576 affirmant
563 2517 631 2576 “ita
644 2537 705 2576 esse
715 2518 858 2577 efficacem
871 2526 902 2576 et
911 2517 1111 2590 infallibilem,

155 2625 189 2680 ut
202 2619 230 2678 ei
237 2617 334 2679 resisti
344 2635 402 2676 uon
416 2617 507 2694 possit
521 2616 638 2696 (saltem
650 2615 682 2674 in
696 2635 782 2676 sensu
792 2617 958 2693 composito,
968 2627 1000 2676 et
1009 2621 1113 2694 poten-

153 2719 196 2778 tia
210 2717 421 2796 consequenti),
436 2715 467 2775 id
481 2721 533 2790 est,
549 2721 584 2774 ut
596 2735 662 2775 cum
683 2716 736 2775 illa
752 2735 810 2776 non
831 2716 922 2793 possit
934 2715 1070 2793 componi
1084 2722 1114 2776 et

154 2817 292 2896 conjungi
302 2816 424 2876 actualis
432 2815 596 2876 resistentia
605 2835 657 2875 seu
667 2804 840 2876 dissensus.”
866 2816 977 2889 Gornr,
990 2815 1110 2890 deDeo,

154 2924 191 2979 tr.
208 2924 235 2987 4,
251 2918 280 2976 d.
297 2923 324 2989 5,
340 2935 369 2975 n.
387 2919 413 2978 7.
455 2919 594 2976 Attamen
609 2919 649 2991 3⁰,
666 2917 809 2976 affirmant
823 2916 971 2976 aetumsic
985 2936 1023 2975 ex
1036 2935 1113 2993 prae·
1204 2901 1205 2960 i

155 3019 281 3078 motione
295 3016 417 3094 physica
430 3017 564 3076 effectum
584 3036 645 3076 esse
660 3035 726 3077 vere
739 3023 769 3077 et
783 3016 899 3075 omuino
913 3015 1058 3076 liberum:
1080 3021 1115 3075 ut
1204 2999 1205 3010 ἵ

155 3119 233 3181 enim
253 3116 345 3188 aiunt,
364 3115 453 3189 Deus,
477 3135 529 3192 pro
549 3115 665 3176 infinita
685 3136 738 3176 sna
758 3115 900 3195 sapientia
919 3121 950 3175 et
969 3116 1113 3192 potentia,

156 3219 232 3280 siout
245 3236 358 3278 omnem
378 3221 475 3276 aetum
495 3221 634 3276 creatura
653 3215 898 3293 praedetermiuat,
917 3215 960 3274 ita
980 3220 1010 3275 et
1023 3235 1115 3293 quem
1204 3285 1205 3294 χ

156 3320 222 3380 vult
234 3323 330 3396 potest
344 3323 374 3378 et
383 3317 508 3376 liberum
521 3335 582 3375 esse
593 3317 862 3392 praedeterminare:
878 3316 1116 3393 praedeterminat

157 3423 254 3479 actum
267 3419 332 3478 fieri
346 3423 375 3476 et
389 3416 477 3476 simul
489 3417 579 3476 libere
591 3416 664 3475 fieri.

198 3521 245 3578 30.
268 3519 340 3577 Haec
362 3522 431 3576 suut
452 3516 509 3575 tria
528 3515 672 3593 principia
689 3514 850 3574 Themismi
869 3511 1111 3573 fundamentalia.

157 3619 227 3678 Alia
240 3637 308 3679 vcro
323 3621 400 3690 suut,
423 3635 488 3694 quse
506 3616 538 3674 in
552 3615 730 3692 exponendis
743 3613 921 3691 argumentis
934 3615 972 3676 od
983 3632 1111 3695 propug-
