2410 4318
58 429 147 478 nrsr.
165 406 257 498 vrrr]
309 407 488 480 Concordia
506 406 632 480 Grolzio
646 407 877 480 clLr'bcrlolz's.
954 427 1017 497 259

62 579 188 656 ponitur
202 583 237 638 ut
250 578 281 638 in
295 579 374 638 omni
394 599 464 640 casu
484 581 654 656 particulari
667 581 742 641 adsit
754 580 857 642 idonea
870 578 1019 658 quantitas

32 687 36 696 “
59 678 139 756 ignis
158 682 191 740 et
212 679 303 756 panis,
320 683 448 758 spectato
462 681 573 758 objecto
587 682 778 742 comburendo
792 685 843 742 aut
855 681 1018 741 nutriendo.

62 777 138 844 Quis
153 778 235 837 enim
249 777 357 838 diceret
370 779 406 838 de
419 779 525 856 exiguo
539 780 606 857 igne
619 781 696 858 quod
711 781 854 841 sufficeret
867 782 904 840 ad
916 781 1018 858 ingen*-

56 883 116 936 tem
132 879 268 938 arborem
288 879 520 954 comburendam,
535 885 586 942 aut
605 881 641 942 de
661 881 857 960 exignopane
871 881 1019 942 advirum

57 976 279 1037 nutriendum?

99 1082 148 1136 66.
173 1077 278 1137 Simile
299 1077 371 1155 quid
394 1079 549 1140 dicendum
564 1083 609 1141 est
631 1081 666 1141 de
685 1079 818 1158 exemplo
832 1099 870 1139 ex
883 1077 1017 1157 passione

58 1175 189 1238 Christi:
214 1196 280 1254 quae
294 1179 461 1254 generatim,
477 1181 646 1258 simpliciter
659 1184 688 1240 et
702 1180 764 1240 sine
777 1180 885 1252 addito,
899 1185 1019 1240 vocatur

59 1277 218 1350 sufficiens,
235 1278 307 1355 quie
320 1279 478 1354 generatim
499 1280 680 1354 subauditur,
702 1284 803 1358 utpote
823 1280 928 1356 dogma
940 1280 1019 1357 apud

59 1395 158 1436 omnes
171 1377 276 1437 fideles
288 1377 481 1456 notissimum,
493 1380 647 1440 necessitas
655 1379 856 1457 applicationis
866 1380 939 1457 ejus.
980 1377 1019 1438 In

61 1475 293 1536 circumstantiis
306 1496 384 1550 vero,
399 1477 431 1536 in
446 1479 552 1555 quibus
561 1479 623 1538 haeo
633 1478 789 1539 necessitas
802 1497 860 1537 non
881 1478 1019 1537 subaudi·

59 1579 149 1648 retur,
165 1595 353 1654 nequaquam
367 1597 383 1636 a
398 1577 446 1636 Cat
452 1576 550 1637 bolico
565 1579 755 1638 affirmaretur
768 1577 942 1637 sufficientia
955 1596 1019 1654 pas·

62 1674 151 1735 sionis
172 1676 286 1736 Christi
309 1677 347 1735 ad
374 1677 517 1738 salutem:
548 1677 608 1738 imo
632 1678 784 1738 affirmatio
810 1677 951 1756 ejusmodi
984 1677 1020 1736 ab

62 1774 198 1836 omnibus
219 1775 376 1836 haberetur
395 1781 431 1836 ut
451 1776 526 1836 falsa
547 1783 577 1837 et
598 1778 744 1838 heretica.
786 1779 917 1854 Insuper,
943 1777 1021 1854 quod

62 1877 156 1952 passio
171 1877 284 1938 Christi
297 1897 349 1955 per
362 1898 392 1938 se
406 1897 464 1938 non
478 1879 602 1938 sufficiat
611 1879 648 1938 ad
661 1879 784 1939 salutem
798 1897 857 1936 non
876 1877 969 1936 oritur
982 1897 1021 1936 ex

64 1976 162 2054 aliquo
173 1997 230 2036 suo
243 1977 356 2038 defectu
368 1977 532 2051 intrinseco,
545 1979 595 2038 sed
603 1999 641 2038 ex
654 1979 768 2038 defectu
779 1997 895 2055 prorsus
908 1975 1019 2036 extrin-

67 2094 138 2149 seco,
154 2096 273 2154 nempe,
294 2077 589 2154 non-applicationis;
610 2079 680 2137 dum
700 2076 906 2138 insufficientia
919 2075 1020 2153 gratia

68 2177 243 2239 sufficientis
265 2178 450 2239 Themisticae
472 2184 515 2239 est
537 2179 595 2256 ipsi
613 2179 779 2252 intrinsece,
793 2199 906 2257 nempe,
923 2199 960 2240 ex
974 2199 1021 2238 ca·

69 2279 165 2338 rentis
176 2280 376 2356 praenotionis
389 2281 526 2358 physicae.

108 2380 155 2439 67.
177 2379 323 2439 Similiter
343 2378 449 2457 ineptae
470 2384 539 2439 sunt
565 2378 771 2441 similitudines
794 2379 916 2441 inferius
942 2382 1022 2458 (pag.

72 2478 183 2558 rar-8)
199 2479 352 2539 abeodem
372 2480 476 2540 allatae.
517 2479 654 2557 Exempli
673 2481 776 2556 gratia,
791 2481 856 2540 haeo
868 2485 912 2540 est
925 2499 1024 2540 earum

71 2577 165 2650 prima
177 2582 252 2637 :—“
264 2577 337 2638 Cum
350 2579 460 2656 peritus
474 2579 596 2656 scriptor
614 2597 733 2638 manum
746 2578 876 2657 imperiti
889 2578 1024 2655 discipuli

70 2684 169 2740 movet
192 2685 225 2741 et
249 2680 360 2757 dirigit,
385 2680 527 2759 quicquid
554 2685 599 2742 est
620 2681 806 2758 perfectionis
827 2682 859 2739 in
882 2680 1026 2757 scriptura

72 2779 207 2854 magistro
222 2780 382 2842 tribuitur:
403 2785 435 2842 et
448 2782 474 2840 si
487 2780 646 2858 discipulus
657 2799 775 2840 manum
788 2779 919 2857 magistri
932 2779 1025 2857 repel-

73 2872 124 2944 lat,
140 2878 220 2954 quod
234 2883 278 2938 est
291 2877 516 2955 imperfectionis
529 2878 562 2936 in
575 2877 716 2955 scriptura
736 2897 795 2936 non
814 2865 1024 2936 tribuiturma·

74 2973 162 3048 gistro
194 2997 254 3038 non
284 2978 432 3054 dirigenti,
463 2979 513 3038 sed
542 2978 679 3056 discipuli
707 2976 864 3056 imperitia
892 2982 922 3036 et
941 2975 1026 3036 melae

74 3075 302 3157 voluntatique
328 3078 506 3157 adjutorium
529 3079 661 3154 magistri
683 3078 837 3138 recusavit.
879 3077 928 3137 Sic
949 3076 1028 3154 quod

74 3172 159 3236 horno
172 3179 247 3239 bene
257 3184 326 3256 agat
337 3177 523 3238 tribuendum
534 3183 579 3239 est
587 3177 698 3238 auxilio
707 3178 764 3238 Dei
776 3178 873 3255 ipsum
885 3175 1029 3236 moventis
1077 3167 1080 3173 ’

78 3277 109 3332 el
128 3275 300 3356 dirigentis:
322 3283 354 3340 et
377 3278 463 3356 quod,
485 3282 615 3338 recusato
638 3276 696 3336 Dei
720 3275 840 3349 auxilio,
865 3275 1027 3352 delinquat,

77 3392 134 3435 uon
148 3379 276 3440 defectui
290 3380 397 3440 auxilii
418 3381 469 3440 sed
491 3398 588 3458 pravae
611 3380 675 3458 ejus
691 3378 846 3451 voluntati,
862 3396 929 3455 quie
943 3376 1027 3436 auxi·

77 3473 149 3537 lium
169 3483 323 3556 recusavit,
357 3481 529 3543 tribuitur.”
578 3481 663 3558 Bcap.
697 3480 771 3540 Sane
793 3478 973 3556 imperfectio
995 3477 1028 3536 in

79 3577 222 3654 scriptura
245 3583 411 3642 nullomodo
441 3582 597 3643 tribuenda
618 3586 662 3640 est
693 3579 859 3656 “magistro
881 3597 935 3637 aon
959 3576 1028 3635 diri·

78 3680 158 3753 genti
170 3683 199 3742 :”
222 3684 299 3746 sicut
314 3690 345 3746 et
358 3689 419 3746 tota
431 3683 572 3763 perfectio
593 3682 747 3744 tribuenda
759 3686 803 3742 est
812 3679 949 3758 magistro
960 3678 1030 3740 diri·
