2408 4304
155 441 219 522 418
547 437 604 504 Dc
621 435 753 506 Gratiis.
937 433 1041 526 [nise.
1056 457 1117 504 111.

195 604 244 667 67.
264 605 350 681 Rosp.
380 607 416 666 1⁰.
439 601 688 684 Dist‘majorem:
711 605 773 674 uni
797 606 882 666 omni
904 607 960 667 sub
984 609 1120 682 respectu

148 705 269 766 'inutilis
291 708 353 766 est:
377 704 526 765 Concedo:
550 705 618 781 Qui,
642 709 697 767 etsi
717 707 837 766 domino
860 727 914 767 suc
936 706 1066 778 inutilis,
1086 707 1119 764 in

155 826 242 884 quem
255 805 372 864 nullum
385 805 557 865 beneficium
581 808 710 867 conferre
724 808 831 884 potest,
848 807 906 866 sibi
920 811 1023 866 tamen
1036 807 1121 864 utilis

155 914 217 970 est:
249 909 341 986 Nego.
392 907 435 967 20.
458 907 533 968 Dist.
558 908 717 970 minorem:
742 911 780 969 Sc
803 929 858 988 pro
886 909 998 980 inutili,
1031 928 1121 969 sanan

154 1029 223 1069 mox
237 1009 416 1086 exponendo,
433 1008 538 1068 habere
556 1009 705 1068 debet-“
716 1009 810 1082 dicite,
836 1008 915 1068 servi
927 1007 1056 1068 inutiles
1069 1029 1121 1068 su-

155 1129 220 1170 mus
230 1109 259 1169 :”
282 1109 432 1169 Concedo:
456 1109 608 1168 Eum'esse
627 1109 759 1170 absolute
773 1112 803 1170 et
816 1109 898 1169 omni
911 1110 968 1169 snb
981 1115 1121 1189 respectu

83 1201 88 1214 ’
154 1209 291 1268 inutilem
306 1207 429 1268 affirmat
443 1209 595 1270 Christus:
616 1209 709 1286 Nego.

197 1315 242 1370 66.
263 1311 358 1370 Tanta
371 1313 415 1369 est
431 1309 587 1369 infirmitas
601 1313 706 1370 nostras
719 1313 842 1383 naturae,
856 1312 999 1388 tantaque
1013 1315 1118 1372 nostra

155 1409 321 1488 proclivitas
335 1411 372 1469 ad
384 1429 489 1470 vanam
502 1410 717 1488 persuasionem
731 1411 767 1470 de
781 1412 919 1488 operibus
933 1413 1046 1472 nostris
1059 1433 1119 1472 non

155 1515 270 1570 tantum
292 1529 359 1570 vere
383 1510 541 1570 sedetiam
564 1506 701 1570 simulate
720 1510 804 1570 bonis
828 1512 1004 1585 habendam,
1039 1514 1119 1592 qnod

119 1661 122 1668 .
155 1629 267 1670 summo
281 1615 310 1670 et
322 1615 462 1687 perpetuo
487 1609 580 1669 studio
602 1609 684 1670 nobis
711 1609 942 1670 incumbendum
963 1617 1009 1671 est
1023 1617 1070 1684 ut,
1083 1614 1118 1672 in

156 1709 290 1772 omnibus
304 1716 333 1769 et
347 1711 469 1786 singulis
482 1709 616 1786 operibus
630 1710 722 1782 bonis,
732 1713 761 1769 et
771 1729 805 1769 eo
814 1710 908 1786 magis
922 1731 982 1789 quo
993 1713 1119 1786 meliora

157 1815 304 1885 suntuna
320 1831 420 1871 eorum
433 1811 603 1882 bonitatem,
615 1830 679 1889 quae
694 1831 712 1870 a
725 1811 786 1870 Deo
801 1817 855 1886 est,
871 1818 1050 1889 spectemus,
1067 1815 1118 1874 sed

154 1919 282 1973 nostram
296 1934 348 1992 per
361 1933 413 1972 nos
434 1917 464 1972 et
486 1933 525 1972 ex
547 1912 631 1971 nobis
654 1912 800 1972 vilitatem
815 1916 845 1972 et
858 1913 1073 1991 indignitatem
1086 1921 1118 1977 et

155 2015 316 2074 absolutam
346 2013 547 2090 impotentiam
578 2013 626 2072 cd*
639 2031 712 2090 opus
738 2013 865 2072 salutare
892 2015 1114 2094 quodcumque,

152 2116 241 2174 etiam
254 2113 418 2188 minimum,
430 2113 639 2191 praestandum.
681 2113 720 2172 ut
733 2113 904 2190 hujusmodi
918 2115 1115 2176 consideratio

151 2221 181 2276 et
204 2215 366 2289 aestimatio,
393 2235 460 2274 oum
484 2214 633 2274 verissima
656 2215 696 2273 sit
719 2218 750 2274 et
770 2217 806 2274 ab
821 2215 901 2274 omni
915 2217 1115 2280 mendacioet

151 2316 222 2376 falso
234 2316 344 2392 judicio
359 2315 461 2387 aliena,
474 2331 612 2392 magnum
622 2318 667 2374 est
679 2315 755 2373 illud
769 2318 799 2374 et
813 2316 914 2374 efficax
929 2316 1063 2376 medium
1077 2319 1113 2376 ad

151 2418 376 2478 conservandam
399 2415 598 2476 humilitatem
619 2419 650 2475 et
676 2435 789 2476 omnem
814 2436 932 2476 sensum
952 2420 1113 2496 superbum

151 2523 180 2578 et
194 2519 249 2579 sibi
263 2519 488 2597 complacentem
509 2518 735 2594 reprimendum.
776 2519 833 2578 Est
846 2519 977 2578 medium
991 2540 1051 2598 qno
1065 2521 1112 2580 usi

151 2623 221 2680 sunt
243 2639 341 2679 omnes
358 2617 450 2678 saneti
468 2621 498 2677 et
518 2619 596 2695 quod
614 2617 868 2677 commendarunt:
900 2639 959 2696 qno
978 2621 1112 2696 neglecto

152 2724 196 2780 tot
207 2719 311 2780 animae
324 2719 428 2778 misere
442 2719 602 2794 perierunt.
647 2719 807 2795 Scripturae
828 2723 943 2778 scatent
956 2722 1111 2798 exemplis.

153 2821 201 2880 Sic
215 2821 371 2892 Abraham,
387 2837 453 2877 oum
467 2820 541 2877 esset
551 2819 613 2896 jam
627 2817 735 2876 eximie
741 2817 842 2894 justus
855 2822 886 2877 et
898 2823 967 2895 post
979 2821 1111 2896 Angelos

153 2919 282 2998 hospitio
296 2922 451 2995 susceptos,
467 2917 547 2976 dixit
560 2916 604 2992 (et
617 2917 696 2994 quod
709 2937 756 2976 cre
771 2917 850 2976 dixit
869 2917 929 2976 imo
944 2919 1029 2978 corde
1043 2940 1108 2979 sen-

153 3023 213 3096 sit),
238 3025 257 3054 “
269 3018 346 3084 Quia
359 3017 447 3076 semel
467 3017 555 3094 coepi,
572 3017 675 3094 loquar
689 3017 726 3075 ed
739 3017 899 3076 Dominum
916 3038 1025 3090 meum,
1041 3039 1109 3080 cum

153 3105 208 3179 siin
226 3119 324 3198 pulvis
347 3122 377 3176 et
400 3116 501 3176 cinis.’'
522 3103 625 3176 Genea.
652 3116 737 3175 xviii.
762 3120 809 3178 27.
853 3117 902 3176 Sic
927 3122 959 3177 et
980 3120 1106 3194 Moyses,

153 3240 219 3279 cum
233 3223 307 3278 esset
320 3216 433 3293 magnis
447 3219 476 3275 et
489 3219 600 3274 naturae
615 3220 644 3274 et
658 3217 760 3289 gratiae
781 3216 865 3274 donis
887 3221 1001 3289 auctus,
1017 3219 1108 3278 solam

151 3342 233 3381 suam
247 3319 446 3379 infirmitatem
471 3317 612 3394 spectavit
626 3322 656 3375 et
666 3317 753 3376 etiam
772 3318 834 3376 Deo
844 3317 964 3396 jubenti
984 3320 1108 3381 demisse

153 3423 268 3502 objecit.
283 3421 376 3481 Exod.
390 3419 431 3478 iii.
450 3421 504 3491 113
525 3419 565 3476 iv.
584 3423 628 3478 10.

193 3531 240 3584 69.
261 3524 320 3596 Ita,
346 3533 382 3581 ut
405 3541 435 3580 se
459 3539 590 3580 securum
614 3539 631 3580 a
652 3519 739 3580 ruina
762 3523 865 3590 servet,
888 3527 1109 3598 perseveranter

152 3645 238 3700 agere
251 3623 437 3694 debethomc,
448 3619 491 3680 ita
504 3621 539 3679 de
553 3620 645 3697 seipso
660 3625 690 3680 et
704 3621 839 3698 operibus
852 3620 912 3679 suis
926 3622 1012 3681 bonis
1022 3624 1107 3701 judi-

152 3726 230 3783 cium
243 3723 350 3782 faeere:
373 3722 462 3798 idque
475 3724 519 3780 est
532 3721 607 3798 quod
618 3721 807 3799 hicpraeoipit
821 3720 964 3782 Christus.
1007 3725 1108 3803 Longe
