2424 4300
136 425 194 486 116
498 419 554 484 De
572 417 702 484 Gratia.
921 418 1022 503 [msa.
1039 439 1087 485 1v.

131 592 213 647 notat
227 587 375 659 Pannona,
399 605 428 645 n.
445 589 500 645 55:
523 585 581 644 rid.
603 589 633 645 et
649 606 679 644 n.
695 584 747 662 73)
771 584 859 643 “illa
873 585 1089 662 Prophetarum

130 709 236 767 preces,
262 689 367 765 quibus
384 687 476 746 aDeo
498 691 612 764 petunt,
635 691 670 746 at
691 691 743 746 aut
764 686 819 746 sibi
842 690 894 746 aut
912 687 1021 766 populo
1040 707 1090 746 oor

131 791 223 850 docile
234 791 345 850 tribuat
355 790 391 849 ad
402 788 474 865 legis
485 788 832 862 mandataoustodienda;
847 807 916 866 quae
924 788 1088 850 innumera

130 911 219 972 prope
233 892 332 952 sunt.'’

389 1092 404 1172 ἓ
419 1099 446 1154 3.
471 1091 630 1153 Solvuntur
646 1091 824 1170 Odjeoto'oaoo.

173 1242 221 1298 34.
249 1235 349 1314 Oijeot.
368 1241 392 1300 1.
415 1236 571 1296 Naturales
589 1236 674 1310 vires,
691 1235 752 1295 sino
773 1236 875 1312 gratia,
892 1235 1040 1297 sufficiunt
1052 1238 1091 1297 ad

131 1340 222 1396 totam
232 1337 327 1412 legem
337 1337 499 1396 naturalem
506 1336 683 1416 implendam
696 1341 767 1396 :-“
779 1337 896 1410 Gentes,
909 1356 979 1414 quae
992 1337 1090 1414 legem

133 1438 317 1520 [Mosaioam,
340 1437 495 1520 scriptam]
510 1459 568 1498 non
586 1439 703 1510 habent,
725 1438 902 1498 naturaliter
915 1439 1038 1520 [φυσει]
1056 1458 1092 1498 ea

132 1561 198 1620 quae
212 1542 285 1618 legis
301 1545 370 1601 sunt
389 1539 550 1622 [praerepta
562 1541 635 1616 legis
648 1540 782 1600 Mosaioae
796 1540 923 1612 moralia,
940 1559 1004 1618 quae
1019 1546 1091 1602 sunt

132 1645 206 1721 legis
229 1642 379 1718 naturalis,
406 1647 436 1702 et
457 1662 555 1702 omnes
576 1639 684 1722 ligant]
706 1641 847 1704 faciunt.'’
877 1643 961 1704 Rom.
987 1643 1020 1702 ii.
1044 1649 1091 1703 14.

132 1747 210 1822 Ergo
238 1745 394 1820 sufficiunt,
418 1744 480 1804 sine
504 1744 611 1822 gratia,
630 1745 663 1804 ad
686 1744 842 1804 vincendas
864 1764 965 1821 graves
988 1749 1090 1807 tenta-

132 1846 211 1906 tione
224 1849 254 1906 et
268 1865 354 1923 opera
367 1845 457 1904 ardua
470 1846 643 1922 praestanda.

173 1952 221 2007 35.
243 1949 325 2024 Rerp.
348 1947 450 2025 Hujus
474 1950 575 2006 textus
595 1948 666 2005 satis
687 1945 822 2017 difficilis,
843 1955 874 2006 et
894 1965 961 2005 sane
978 1965 1091 2024 nequa·

136 2068 223 2126 quam
245 2050 332 2110 oertae'
351 2049 605 2127 interpretationis,
632 2051 748 2126 longam
770 2049 819 2108 sed
843 2053 873 2108 et
893 2048 1090 2108 doctissimam

137 2151 347 2212 enarrationem
373 2150 473 2211 videas
499 2152 577 2228 apud
601 2152 723 2224 Saarna,
747 2152 768 2210 l.
789 2156 814 2224 l,
837 2170 862 2210 e.
879 2153 906 2224 8,
929 2170 957 2211 n.
980 2154 1088 2211 lane.

87 2299 88 2304 1
136 2250 237 2312 Nostri
260 2251 308 2310 hio
332 2254 446 2312 tantum
471 2254 515 2310 est
535 2271 569 2310 ea
588 2251 725 2328 proferre,
747 2270 821 2328 quae,
846 2251 879 2309 in
903 2270 1091 2328 quacumque

136 2350 375 2429 interpretatione
401 2351 554 2428 probabili,
590 2351 782 2429 objectionem
809 2350 936 2411 solvunt.
988 2352 1090 2412 Sermo
1210 2392 1212 2397 «

136 2449 228 2526 igitur
246 2455 290 2512 est
302 2452 334 2510 in
352 2455 437 2511 textu
451 2451 498 2510 vel
514 2450 549 2510 de
563 2451 722 2526 gentilibus
740 2451 870 2527 paganis,
883 2451 931 2510 vol
944 2451 980 2510 de
993 2451 1090 2527 genti·

136 2555 214 2614 libus
228 2555 279 2632 qui
290 2553 377 2614 fidem
391 2554 563 2638 habuerunt,
581 2557 616 2612 nt
633 2553 858 2626 Melchizedeoh,
873 2554 892 2613 J
894 2554 939 2626 ob,
962 2554 1024 2626 da,
1039 2553 1090 2614 vel

138 2655 173 2715 de
187 2655 346 2731 gentilibus
359 2655 390 2714 in
404 2674 517 2732 genere.
551 2655 591 2715 1⁰.
614 2655 645 2714 Si
656 2655 691 2714 de
704 2654 864 2732 gentilibus
875 2653 1004 2732 paganis,
1014 2655 1104 2716 bene·

137 2761 296 2835 potuerunt
319 2757 418 2834 aliqua
441 2776 528 2834 opera
550 2755 699 2816 moraliter
716 2757 791 2815 bone
811 2755 914 2830 faeere,
940 2755 1004 2816 sine
1025 2757 1089 2816 ullo

138 2859 248 2918 auxilio
257 2858 317 2918 sive
324 2858 398 2935 legis
408 2859 537 2919 docentis
545 2858 606 2918 sive
615 2858 716 2936 gratia
725 2859 771 2936 adj
777 2858 890 2918 ovantis
900 2858 942 2935 (d.
954 2860 1080 2936 6,n.15)

138 2959 288 3020 Noudioit
302 2959 460 3036 Apostolus
482 2979 531 3020 eos
552 2964 643 3020 totam
660 2961 755 3037 legem
774 2979 886 3020 servare
906 2965 958 3020 aut
976 2979 1092 3020 servare

139 3079 221 3141 posse
233 3060 405 3120 naturaliter
419 3061 470 3120 sed
482 3063 598 3120 tantum
614 3066 633 3096 ‘⁴
645 3081 678 3122 ea
691 3079 757 3139 quae
768 3064 837 3122 sunt
849 3061 958 3137 legis:''
983 3065 1015 3120 et
1027 3061 1091 3122 haeo

139 3184 225 3242 opera
243 3181 309 3242 qua
329 3165 469 3236 fecerunt,
493 3164 666 3224 naturaliter
687 3165 826 3224 iecerunt.
871 3163 1012 3224 “Paulus
1031 3183 1091 3224 non

136 3266 231 3327 dixit:
268 3266 372 3326 Omnia
394 3286 428 3325 oa
446 3284 511 3344 quae
534 3265 608 3342 legis
630 3267 839 3338 suntfaaiunt;
862 3267 912 3326 sed
934 3266 1088 3326 indefinito

136 3369 223 3443 dixit,
249 3373 302 3430 ‘ea
321 3385 386 3446 quae
408 3368 482 3444 legis
501 3369 590 3440 sunt,’
607 3369 685 3445 quod
698 3368 847 3428 verissime
867 3368 974 3428 dieitur
992 3369 1029 3428 de
1042 3368 1088 3428 his

136 3471 188 3549 qui
206 3472 306 3550 aliqua
323 3471 397 3549 legis
418 3475 564 3548 praerepta
582 3472 743 3543 observant,
770 3470 840 3528 lieet
863 3469 921 3529 alia
941 3475 1087 3547 transgre-

137 3574 265 3633 diantur.
300 3575 385 3634 Unde
396 3573 633 3634 considerandum
644 3576 688 3634 est
698 3573 764 3651 plus
778 3573 934 3650 significari
947 3593 1000 3651 per
1012 3573 1089 3634 illud

136 3677 258 3737 verbnm
274 3677 415 3738 ‘faetores
429 3675 521 3752 legis,‘
538 3693 626 3752 quam
639 3693 690 3752 per
703 3675 774 3749 haee,
792 3680 839 3736 ‘ea
853 3693 917 3752 qua
930 3674 1004 3752 logis
1019 3680 1087 3736 sunt
