2410 4318
64 415 155 460 mer.
174 395 249 480 vrn]
298 395 353 458 De
370 395 490 460 Gratas
504 395 604 481 Effic.
621 399 654 460 el
665 395 783 481 Suffic.
961 409 1023 472 209

63 562 192 638 perimit
211 565 241 621 et
260 561 397 620 haeretica
418 567 462 620 est
484 561 615 620 doctrina
634 561 765 622 Janscnii
789 579 876 638 quam
899 555 1022 618 Calvini.

65 661 99 721 Si
113 662 198 721 enim
209 667 290 720 actus
302 661 480 719 necessarius
494 681 526 719 eo
537 661 599 738 ipso
613 682 670 720 non
685 666 729 721 est
741 663 825 731 liber,
841 658 917 717 nihil
937 656 1025 714 refert

63 769 171 822 utrum
187 763 342 822 necessitas
359 765 510 838 proveniat
534 783 551 821 a
574 764 764 823 delectatione
785 761 974 820 necessitante
989 776 1025 814 an
1105 813 1107 819 .

65 863 103 921 ab
125 862 229 939 aliquo
256 862 314 920 alio
335 861 479 939 principio
501 863 704 922 necessitante.
755 861 849 930 Siout,
872 859 897 918 si
914 861 976 917 tota
996 859 1026 914 et

63 962 191 1038 expleta
217 961 327 1020 halitus
349 961 520 1037 compressio
545 961 637 1020 vitam
664 961 775 1020 homini
805 958 916 1031 adimit,
950 954 1027 1015 nihil

63 1062 159 1122 refert
183 1081 222 1121 an
245 1061 303 1120 ista
325 1061 497 1137 compressio
519 1061 571 1119 fiat
594 1061 832 1137 strangulatione,
854 1055 1026 1118 abscissione

63 1161 184 1238 capitis,
201 1161 398 1221 submersione
411 1161 442 1218 in
457 1161 550 1237 aquis,
567 1165 617 1220 &c

106 1267 157 1324 54.
181 1264 243 1323 111.
264 1261 331 1322 Etsi
344 1282 445 1321 verum
465 1265 548 1338 essct,
571 1262 649 1340 quod
662 1274 760 1322 tamen
780 1259 969 1320 falsissimum
983 1261 1027 1318 est

63 1361 107 1438 (n.
128 1363 193 1439 12),
210 1362 367 1422 Calvinum
385 1382 443 1420 non
457 1361 621 1420 admississe
646 1361 678 1420 in
698 1362 814 1420 homine
827 1359 993 1419 libertatem
1010 1377 1027 1416 a

65 1462 226 1540 coactione,
242 1481 301 1520 non
313 1461 410 1521 minus
427 1462 557 1521 doctrina
579 1461 713 1521 Jansenii
727 1458 891 1520 definitioni
904 1457 1025 1517 Triden-
1111 1501 1114 1507 .

64 1562 136 1622 tinae
158 1567 306 1640 repugnat
329 1583 416 1640 quam
438 1563 569 1622 doctrina
591 1541 732 1620 Calvinis
766 1561 810 1620 Iis
833 1560 911 1620 enim
930 1557 1026 1619 verbis

65 1665 164 1723 utitur
189 1665 458 1742 Concilium-(cap.
488 1671 515 1738 5,
540 1684 602 1724 can.
625 1669 644 1722 4
666 1668 697 1724 et
722 1665 763 1741 5),
788 1663 895 1740 quibus
913 1660 1025 1720 homini
1113 1711 1117 1718 .

65 1765 173 1824 diserte
188 1769 218 1824 ct
229 1766 359 1824 absolute
383 1765 551 1825 vindicatur
567 1787 636 1826 vera
650 1771 679 1825 et
699 1765 785 1824 realis
793 1765 923 1834 libertas,
947 1761 1026 1821 omni

66 1885 255 1944 quocumque
269 1866 380 1944 abjecto
400 1867 552 1944 principio,
569 1888 627 1946 quo
641 1867 761 1926 libertas
773 1865 826 1926 illa
840 1865 1023 1934 adimeretur,

66 1984 118 2024 seu
140 1967 212 2026 ficta
230 1970 260 2025 et
281 1986 386 2026 nomen
405 1966 466 2026 sina
487 1986 518 2026 re
541 1972 624 2038 esset,
649 1967 777 2025 maxima
801 1985 864 2026 can.
881 1969 980 2025 5:-“
993 1962 1025 2023 si

67 2065 133 2140 quis
152 2066 283 2124 liberum
297 2065 423 2125 hominis
438 2066 592 2125 arbitrium
605 2072 671 2144 post
688 2067 762 2126 Adae
774 2069 927 2142 peccatum
940 2063 1023 2122 amis·

67 2183 130 2224 snm
145 2171 177 2226 et
191 2169 354 2228 extinctum
369 2187 430 2226 esse
443 2167 568 2228 dixerit:
591 2172 643 2226 aut
656 2187 716 2227 rem
730 2187 790 2227 esse
805 2168 840 2226 de
855 2166 914 2225 solo
928 2164 1022 2233 titulo,

67 2264 125 2325 imo
139 2268 266 2327 titulum
280 2268 342 2328 sine
354 2288 396 2341 re,
407 2268 581 2344 figmentum
596 2269 720 2346 denique
735 2289 752 2327 a
763 2273 863 2328 satana
875 2267 1022 2326 invectum

67 2363 98 2422 in
111 2367 293 2427 Ecclesiam:
317 2368 472 2427 anathema
482 2368 552 2428 sit.”

108 2469 157 2526 ⁶5.
181 2467 237 2526 IV.
257 2468 390 2544 Insuper,
417 2467 472 2526 etsi
492 2487 595 2526 verum
614 2471 698 2537 esset,
718 2466 796 2542 quod
809 2485 847 2524 ex
856 2465 919 2541 jam
938 2462 1023 2523 dictis

68 2560 257 2623 falsissimum
270 2569 323 2637 est,
339 2565 503 2625 Concilium
517 2565 651 2639 voluisse,
678 2571 779 2624 contra
801 2565 891 2622 istum
905 2561 1023 2621 simula-

68 2663 130 2721 tum
140 2684 265 2751 errorem¹
276 2664 400 2738 Calvini,
413 2670 539 2725 statuere
549 2669 664 2724 tantum
673 2665 839 2725 libertatem
850 2683 868 2721 a
878 2661 1022 2721 coactione

70 2762 149 2836 (cum
168 2763 300 2824 Ecclesia
321 2766 484 2842 generatim
505 2785 564 2824 non
586 2765 659 2824 solet
676 2765 813 2822 damnare
826 2762 884 2821 nisi
900 2762 1023 2820 haereses

66 2859 127 2935 jam
149 2865 281 2924 subortas
305 2871 334 2924 et
357 2885 391 2924 eo
414 2866 498 2924 modo
523 2885 581 2942 quo
601 2863 815 2940 proferuntur),
843 2881 902 2920 non
925 2860 1038 2931 minus,

69 2958 207 3022 haeretica
221 2966 296 3023 essct
309 2963 442 3023 doctrina
455 2966 474 3023 J
476 2963 597 3036 ansenii,
613 2967 716 3040 utpote
729 2961 873 3021 constanti
887 2963 917 3019 et
930 2958 1022 3018 mani·

71 3057 150 3120 festae
163 3061 233 3121 fidei
246 3063 337 3122 totius
350 3062 487 3122 Ecclesiae
509 3068 608 3140 aperte
626 3081 801 3139 repugnans.
842 3059 970 3132 Etenim,
987 3063 1023 3116 ut

70 3155 127 3218 lere
140 3161 211 3220 dum
234 3162 296 3222 haec
317 3161 409 3220 scribo
424 3161 509 3221 docet
523 3161 687 3221 Concilium
699 3161 879 3220 Vaticanum
894 3161 975 3236 (sess.
990 3162 1019 3230 4,

72 3274 130 3334 cap.
147 3265 190 3338 3),
215 3262 300 3320 “fide
315 3261 415 3322 divina
428 3265 458 3320 et
471 3261 613 3320 catholica
632 3281 666 3320 ea
686 3260 783 3319 omnis
797 3259 940 3319 credenda
953 3261 1022 3316 sunt

73 3350 117 3432 [at
129 3377 196 3436 ergo
212 3360 343 3438 opposita
350 3365 385 3420 ut
395 3361 531 3420 haeretica
543 3359 726 3440 rejicienda],
741 3378 806 3436 quse
820 3357 852 3417 in
865 3359 952 3417 verbo
965 3357 1022 3416 Dei

73 3455 176 3534 scripto
190 3460 239 3518 vel
252 3461 359 3520 tradito
374 3465 403 3520 et
422 3461 458 3519 ab
471 3460 602 3519 Ecclesia
626 3461 686 3519 sive
709 3459 828 3518 solemni
838 3456 950 3536 judicio
962 3457 1020 3515 aive

74 3556 212 3618 ordinario
225 3565 252 3619 et
265 3561 418 3621 aaiocraols'
438 3562 597 3638 moylatars'o
618 3565 767 3638 tamquam
782 3559 923 3618 divinitus
936 3577 1018 3618 reve·

72 3649 129 3714 lata
142 3660 281 3722 credenda
293 3660 524 3739 proponuntur.’'
