2408 4304
112 415 203 464 6166.
220 391 300 485 xm]
497 396 552 464 De
566 396 701 465 Merra.
1006 419 1069 482 445

112 567 241 644 quaestio
257 569 301 625 661
315 584 352 624 66
366 565 442 626 idem
460 565 510 627 ille
525 571 606 626 actus
621 565 802 628 contritionis
816 569 923 626 merent
945 565 1072 644 primum

110 667 240 743 gradum
260 667 357 746 gloriae
379 668 414 727 de
428 667 672 744 condigno-sive
695 671 776 728 actus
800 667 985 728 continuatus
999 667 1074 728 etin

111 767 241 827 16616611
254 769 380 826 secundo
402 768 450 847 (ut
471 769 537 827 vult
564 765 718 828 Bormam
734 789 759 829 o.
776 770 838 848 20),
855 769 916 829 6166
930 768 1076 828 ineodem

112 867 181 943 ipso
194 867 316 927 instanti
329 867 360 926 in
374 887 431 945 quo
446 870 528 927 actus
541 867 589 927 hio
604 887 669 927 cum
683 887 805 946 persono
821 867 953 928 eliciente
967 867 1074 927 sancti·

114 967 224 1027 ficetur
256 971 287 1028 et
317 967 504 1044 dignificatur
529 969 577 1046 (ut
598 969 664 1029 6611
689 969 812 1043 Susum,
838 989 863 1028 o.
889 972 937 1042 28,
957 987 986 1028 6.
1011 969 1073 1047 24).

115 1067 217 1128 Prima
237 1051 393 1142 sententia,
404 1088 469 1146 quae
483 1069 560 1129 inter
573 1068 724 1146 theologos
737 1089 809 1147 quos
821 1068 884 1128 vidi
897 1074 927 1130 et
940 1068 1075 1146 antiquos

117 1171 149 1228 et
170 1169 341 1229 recentiores
361 1169 453 1228 multo
475 1169 653 1228 communior
672 1175 724 1244 661,
746 1172 878 1231 affirmat.
919 1170 967 1228 Ita
986 1169 1075 1227 iidem

116 1247 208 1330 11666.
221 1273 252 1330 61
265 1270 395 1343 Scirum
416 1269 505 1341 Vm,
517 1288 547 1329 6.
564 1272 596 1328 11
612 1290 619 1342 ;
639 1270 836 1343 8660661666,
846 1289 874 1329 6.
884 1273 960 1342 260;
982 1269 1073 1340 Krcn,

119 1372 160 1432 27
163 1373 179 1427 8
192 1391 199 1429 :
222 1370 341 1440 Hunno,
361 1372 411 1430 &a
433 1373 463 1429 et
476 1368 632 1428 Thomistae
641 1372 671 1428 61
685 1369 831 1443 Scotistae3
853 1377 893 1441 et,
907 1367 985 1428 inter
997 1387 1075 1428 nunc

59 1473 72 1482 '
100 1469 261 1544 ¹viventes,
289 1470 440 1529 Sonourrn
463 1473 493 1529 61
519 1471 697 1529 16666666.
722 1469 900 1530 Sententiam
921 1472 1076 1546 negantem

118 1575 224 1631 tenent
246 1573 340 1643 Luco,
365 1572 400 1630 de
418 1571 565 1630 Incarnat.
590 1571 618 1632 d.
646 1575 673 1645 6,
688 1590 717 1632 n.
744 1576 798 1644 593
820 1571 977 1639 Hsuronn,
1000 1569 1021 1628 l.
1048 1587 1074 1629 c.

118 1691 152 1733 n.
168 1677 242 1746 8963
264 1673 390 1744 (ionum,
412 1675 462 1732 &c

161 1775 248 1840 ⁴⁵14&
276 1773 460 1850 Praecipuum
473 1775 688 1849 sargumentum
710 1775 776 1854 (661
795 1771 898 1832 saltem
921 1789 1014 1830 unum
1039 1790 1076 1830 ex

110 1853 278 1952 'praecipuis
292 1871 485 1950 argumentis)
500 1893 551 1950 pro
563 1873 707 1933 sententia
721 1875 881 1933 affirmante
894 1871 1027 1931 educitur
1041 1889 1079 1929 ex

122 1971 237 2030 diverso
250 1971 334 2029 modo
350 1989 407 2047 quo
421 1969 551 2046 loquitur
565 1970 650 2030 Ocno.
666 1969 745 2030 Trid.
762 1969 913 2030 demerito
926 1968 1028 2045 gratiae
1049 1971 1086 2028 et-

122 2047 224 2146 gloriie
235 2090 298 2130 cau.
312 2074 361 2143 32,
378 2089 473 2147 supra,
483 2089 512 2128 6.
525 2074 551 2128 6.
592 2070 736 2148 Loquitur
746 2070 823 2130 enim
832 2069 979 2130 demerito
990 2068 1080 2128 solius

65 2179 67 2182 ’
123 2170 381 2249 acqmrntigratiae,
390 2171 532 2231 demerito
543 2168 1077 2248 autemutglorirectaugmentigloriae:

123 2271 217 2348 gloria
225 2271 287 2345 illa,
302 2271 421 2350 utquid
435 2271 605 2332 distinctum
619 2272 655 2331 ab
670 2276 825 2348 augmento
839 2272 911 2350 ejus,
924 2271 1005 2330 aliud
1019 2289 1080 2330 esse

123 2391 184 2432 non
205 2375 300 2450 potest
321 2390 412 2450 quam
433 2371 545 2450 primus
566 2371 631 2448 ejus
654 2372 770 2446 gradus.
813 2371 884 2437 Quue
905 2369 975 2430 hnic
994 2388 1080 2446 argu·

124 2475 224 2531 monto
247 2477 392 2549 reponunt
413 2470 545 2547 theologi
562 2472 694 2530 secundae
707 2470 859 2530 sententie
874 2470 919 2548 (et
942 2488 1009 2529 6666
1022 2487 1081 2528 666

125 2572 294 2650 temnenda)
314 2573 391 2650 apud
412 2573 527 2632 eosdem
550 2571 711 2644 videantur,
728 2574 758 2630 61
771 2569 859 2630 etiam
872 2591 917 2648 ap.
928 2569 1078 2642 Hunnrox,

125 2695 155 2734 n.
172 2677 219 2735 58.

166 2777 253 2834 *149.
275 2775 411 2835 Ceterum
431 2775 494 2836 haec
518 2774 712 2836 controversia
724 2775 790 2852 plus
803 2773 973 2834 subtilitatis
994 2795 1081 2853 quam

43 2913 46 2917 -
126 2875 274 2949 6111116116,
300 2875 490 2954 inpraesenti
514 2877 616 2936 saltem
641 2875 770 2945 materia,
793 2876 889 2937 habet.
939 2875 1082 2942 Quoniam

127 2975 204 3036 enim
226 2975 319 3052 gloria
343 2977 430 3034 datur
450 2976 562 3053 duplici
582 2975 680 3047 titulo,
707 2995 821 3054 nempe,
845 2975 1025 3036 haereditetis
1052 2979 1082 3034 61

127 3075 251 3153 praemii,
278 3075 326 3134 hic
345 3075 524 3152 justificatus
548 3075 573 3134 si
594 3075 694 3135 statim
714 3077 864 3150 moriatur,
886 3096 950 3136 eam
963 3073 1085 3153 recipiet

129 3176 231 3235 saltem
245 3175 333 3235 titulo
348 3174 446 3251 priori,
472 3179 507 3234 61
528 3176 619 3234 haeres
640 3180 671 3236 61
692 3176 772 3236 filius
792 3175 963 3254 adoptivus:
985 3194 1082 3253 supra,
1150 3215 1153 3222 ·

128 3295 157 3337 n.
168 3276 216 3340 76.
863 3335 865 3338 .

171 3379 240 3434 150.
262 3374 406 3445 Quaeritur
418 3375 461 3434 20.
476 3376 525 3434 An
537 3375 751 3452 perseverantia
761 3379 857 3452 potest
870 3375 1085 3454 essejobjeotum

129 3476 220 3554 hujus
242 3475 362 3539 meriti?
401 3475 487 3553 Rerp.
510 3475 664 3552 negative:
686 3474 757 3552 quic
784 3474 822 3548 1⁰,
846 3476 881 3534 de
904 3480 1009 3535 neutra
1021 3495 1085 3553 per·

131 3577 304 3650 severantia,
322 3577 383 3636 6166
396 3576 491 3636 661166
504 3575 564 3635 6166
578 3575 699 3653 passive,
716 3578 798 3635 extat
812 3574 911 3634 divina
924 3575 1084 3653 promissio.

132 3672 174 3735 2⁰.
197 3673 301 3740 Quoad
321 3673 473 3750 passivam,
493 3673 608 3732 nullum
630 3677 673 3733 661
685 3660 769 3750 opus
790 3674 842 3732 661
856 3671 941 3732 series
955 3691 1083 3751 operum,
