2408 4304
186 419 250 483 404
545 397 600 466 De
618 397 753 466 Granis.
974 397 1079 484 [oser.
1094 415 1149 462 xu.

184 583 271 644 snper
290 583 349 625 nno
371 566 518 644 peccatore
541 565 753 645 poenitentiam
776 564 909 642 agente,’
931 567 1000 638 dn,
1021 567 1055 626 et
1070 564 1149 626 inin»

183 689 258 730 vers.
276 669 537 732 10:-‘(landium
560 671 616 732 erit
636 690 734 731 eoram
756 669 889 748 Angelis
910 669 992 730 Dei’
1008 671 1063 732 den.
1079 693 1090 742 ς
1108 669 1150 728 nbi

184 769 246 831 sius
266 769 355 830 dnbio
376 773 422 830 est
443 789 536 830 sermo
557 771 593 831 de
612 789 688 831 novo
714 770 822 848 gaudio
849 772 884 829 et
904 775 999 829 oxtrn
1016 769 1150 829 visionem

183 871 306 942 batam,
328 869 364 928 de
385 889 442 948 quo
464 869 592 947 intelligi
611 873 709 948 potest
728 869 806 928 illud
826 869 947 929 Psalmi
962 869 1064 930 cxlix.
1080 875 1098 928 5
1112 889 1150 928 :-

185 968 392 1030 ‘Exultabunt
417 969 510 1030 saneti
531 969 565 1030 in
590 968 699 1046 gloria:
727 968 919 1029 laetabuntur
945 970 983 1028 in
1011 969 1150 1030 oubilrllus

184 1067 290 1128 eniam
333 1067 456 1141 Sollers,
471 1069 507 1128 de
519 1067 632 1128 Ultimo
642 1067 725 1137 Fine,
742 1067 772 1126 d.
790 1069 840 1138 11,
856 1087 881 1128 s.
896 1071 929 1140 2,
947 1088 980 1130 u.
997 1073 1030 1128 2.
1072 1069 1150 1128 Porro

186 1167 363 1228 “beatitudo
382 1167 566 1228 aonidentalis
585 1171 630 1227 est
643 1167 783 1244 qnoelibet
796 1165 948 1243 persentio
971 1169 1069 1243 besti,
1093 1187 1147 1246 qus

184 1274 315 1330 versatur
327 1274 411 1330 exlra
429 1269 575 1346 objectum
594 1267 768 1342 modicum,
784 1269 865 1346 quod
882 1277 933 1329 est
949 1270 1051 1342 Deus,
1072 1275 1147 1348 prout

184 1369 350 1430 basileum
368 1373 421 1442 est,
441 1369 472 1427 id
485 1372 538 1442 eat,
559 1371 648 1446 prout
660 1370 704 1428 est
716 1367 793 1427 olere
806 1366 924 1427 visus.'’
972 1369 1069 1443 Μαι,
1085 1369 1144 1428 ibid.

183 1489 212 1530 n
227 1475 256 1530 4.
297 1469 465 1548 cujusmodi
486 1471 532 1528 est
551 1467 702 1545 praelatum
726 1467 870 1544 gaudium
894 1469 934 1528 do
963 1470 1146 1530 conversione

183 1563 375 1648 pennatorum,
395 1569 431 1630 de
452 1569 545 1628 salute
567 1568 738 1640 animarum,
759 1569 931 1647 prasertim
951 1570 989 1630 in
1010 1570 1145 1632 beatisds

183 1669 277 1729 salute
290 1676 320 1729 et
332 1668 424 1746 gloria
435 1670 575 1728 bonorum
588 1668 768 1728 sacerdotum
779 1668 843 1746 (vel
856 1669 1019 1749 aliorum),
1029 1689 1144 1749 qnorum

184 1789 238 1848 ope
255 1774 286 1831 et
297 1771 353 1849 ipsi
372 1771 495 1831 salutern
515 1789 597 1830 snam
616 1769 715 1849 adepti
731 1773 810 1831 sunt.
854 1771 928 1830 Vid.
945 1771 981 1832 S.
996 1773 1142 1832 Amore.

185 1872 280 1944 Solve,
294 1891 361 1949 pars
377 1875 403 1943 1,
418 1890 443 1930 o.
459 1877 487 1945 9,
502 1890 531 1930 n.
547 1875 597 1931 22.

227 1976 272 2032 10.
293 1972 392 2031 Sermo
409 1970 467 2044 hio,
491 1975 591 2031 eontra
604 1971 808 2043 Protestantes,
831 1990 893 2030 non
915 1977 965 2032 est
978 1974 1018 2032 de
1031 1972 1141 2051 praeuio

183 2071 353 2132 aoeidentali
367 2071 416 2130 sed
429 2071 465 2132 de
477 2071 595 2150 proemio
608 2069 765 2132 essentiali.
808 2071 940 2148 Insuper
955 2074 1072 2135 suffieit
1082 2093 1139 2132 eou-
1189 2103 1190 2119 ι

166 2174 229 2231 -tra
254 2171 368 2231 eosdem
390 2171 588 2232 Protestantes
613 2170 751 2232 meritum
772 2170 844 2231 vitae
872 2175 1000 2234 aeternae
1029 2175 1139 2252 ejusque

183 2271 331 2348 augmenti
343 2273 479 2331 statuere.
520 2270 586 2331 Hoo
606 2270 685 2331 eninr
705 2271 827 2344 statuto,
852 2274 884 2330 et
897 2273 1071 2333 eorundum
1085 2274 1138 2350 jars

183 2371 303 2449 disjeoto
326 2389 421 2431 errore
444 2371 480 2430 de
500 2370 666 2448 aequalitate
689 2368 815 2447 justitioe
838 2368 873 2428 in
894 2371 1042 2431 omnibns
1058 2371 1137 2450 justis

182 2471 225 2550 (d.
243 2473 288 2544 ll,
301 2489 332 2532 n.
349 2474 397 2542 24,
414 2471 491 2548 den),
505 2489 564 2529 non
586 2469 643 2530 erit
660 2469 741 2530 loeus
761 2471 976 2531 oontroversioe
990 2471 1136 2533 demerito
1187 2531 1188 2538 ,

182 2569 329 2646 augmenti
344 2568 432 2646 hujus
441 2567 578 2646 justitio.

380 2866 440 2948 52.
461 2865 605 2930 Probatur
623 2865 761 2927 Metina
780 2865 933 2928 Caldolioo.

221 3069 269 3126 11.
291 3064 473 3126 Puerosrrro.
511 3065 593 3128 Jseti
612 3063 690 3124 lonis
707 3063 843 3140 waldio,
859 3085 919 3145 qua
927 3087 988 3144 per
1001 3071 1129 3149 Deiera-

55 3147 58 3154 *
180 3167 250 3226 diam
267 3169 295 3226 et
314 3166 384 3228 Jssu
402 3164 512 3226 Christi
535 3165 666 3226 auritum
677 3163 802 3241 sariunt,
830 3185 893 3226 vere
918 3174 1030 3228 arerent
1050 3165 1127 3231 olle·

179 3270 309 3327 atonem
318 3275 344 3327 et
354 3265 454 3344 glorio
467 3269 650 3343 usamentum.

220 3466 263 3522 12
285 3462 460 3540 Areomsnto
485 3481 518 3520 σω
541 3460 573 3523 S.
590 3462 750 3539 Sordvtora.
788 3461 1005 3526 mosum
1017 3469 1043 3530 1.
1079 3470 1121 3528 Es

92 3634 94 3638 Ι
177 3562 250 3623 loeis
267 3561 300 3622 in
317 3561 424 3641 quibus
445 3560 625 3639 significatur
642 3561 738 3622 Deum
753 3564 873 3639 praemia
885 3563 1004 3642 elargiri
1019 3567 1119 3628 iutuitu

176 3665 208 3720 et
229 3661 340 3722 ratione
366 3679 494 3738 operum,
519 3661 613 3739 iisqne
640 3662 873 3740 proportionem
895 3663 938 3723 ite
959 3669 994 3726 ut
1014 3668 1048 3740 ei,
1071 3667 1117 3746 qui
