2402 4292
184 404 246 468 354
573 384 630 451 De
652 383 788 452 Gralto.
1009 384 1100 470 [orer.
1110 405 1147 450 1.

183 552 227 612 2⁰.
250 551 309 612 Sed
329 553 498 631 exemplum
517 553 608 632 hujus
627 552 707 623 fidei,
728 553 764 612 ab
786 551 852 630 ipso
875 552 905 612 S.
928 552 1036 625 Panlo,
1050 551 1079 610 in
1095 552 1147 610 hoc

181 651 244 729 ipso
254 652 316 713 loco
332 653 420 732 (vers.
436 658 454 714 3
468 653 618 732 ρῐωοθά.),
634 653 711 712 hanc
731 651 1018 729 interpretationem
1032 652 1103 711 olere
1117 657 1148 711 et

181 751 290 814 diserte
303 753 409 814 evertit
417 759 490 814 =—“
501 753 580 822 Quid
595 752 674 814 enim
699 752 773 812 dicit
788 752 952 830 Scriptura
967 752 1093 833 [Genea
1102 772 1147 812 rr.

183 851 240 932 6]?
280 852 413 916 Oredidit
439 855 587 914 Abraham
616 856 686 925 Deo,
713 855 743 914 et
765 857 948 930 reputatum
973 858 1024 912 est
1049 853 1094 912 illi
1115 852 1149 910 nd

178 951 324 1030 justitiam
333 953 370 1013 ?”
411 953 558 1022 Quidnam
569 952 617 1012 hic
628 951 755 1013 credidit
771 951 960 1012 Abraham?
1005 953 1152 1020 Quodnam

181 1054 243 1114 fuit
265 1056 330 1133 ejus
355 1055 425 1116 fidei
451 1053 617 1134 objectum?
666 1053 791 1114 Fiducia
818 1073 881 1113 sum
904 1051 1152 1132 justificationis?

182 1155 384 1232 Nequaquam.
411 1156 459 1216 En
469 1153 973 1232 textusintegerr—“Eduxitque
989 1156 1150 1226 eumfcrus,

183 1258 214 1314 st
227 1257 269 1316 cit
282 1254 343 1314 illi:
366 1254 488 1333 Suspice
502 1255 606 1314 ctelum
625 1258 655 1314 et
668 1273 791 1312 numere
805 1254 919 1327 stelles,
938 1253 967 1313 si
981 1260 1080 1332 potes.
1117 1256 1152 1312 Et

183 1354 261 1414 dixit
280 1353 326 1414 ei:
351 1354 398 1414 Sic
414 1354 471 1414 erit
491 1374 588 1414 semen
608 1357 702 1412 tuum.
746 1353 880 1412 Credidit
899 1355 1065 1414 Abraham
1084 1347 1148 1424 Deo,

183 1459 213 1514 et
225 1457 393 1531 reputatum
407 1460 452 1514 est
463 1454 509 1512 illi
523 1455 559 1513 sd
569 1453 748 1532 justitiam.''
790 1453 998 1512 Manifestum
1013 1459 1062 1514 cst
1073 1455 1150 1513 fidem
1197 1417 1198 1470 Ὺ

183 1555 309 1614 Abrchse
343 1554 391 1614 hio
418 1554 567 1614 laudatam
594 1553 682 1612 fidem
709 1551 810 1626 fuisse,
842 1573 903 1630 que
932 1554 1073 1614 credidit
1097 1555 1151 1614 Deo

183 1654 291 1714 dicenti
312 1658 342 1714 et
362 1654 505 1718 revelanti
529 1656 657 1732 posteros
677 1672 753 1724 suos,
777 1651 855 1712 sicut
878 1653 989 1712 stelles
1014 1654 1093 1726 oaeli,
1110 1653 1149 1712 in·

183 1754 377 1815 numerabiles
395 1755 466 1814 fore.
509 1753 560 1814 Its
572 1751 762 1814 disertissime
782 1753 862 1812 hunc
882 1753 988 1812 locum
1011 1753 1151 1816 Geneseos

186 1859 217 1918 S.
228 1857 347 1932 Paulus,
362 1855 393 1918 in
405 1857 460 1916 hoo
473 1857 536 1934 ipso
550 1855 643 1933 capite
657 1855 689 1934 (e
701 1874 775 1914 vers.
790 1858 825 1914 16
838 1855 876 1915 ad
889 1874 972 1914 vers.
986 1859 1056 1935 22),
1068 1857 1151 1916 inter·

183 1960 326 2035 pretatur.
367 1958 435 2017 Non
449 1961 493 2018 est
506 1975 578 2034 opus
592 1955 644 2015 hos
657 1973 758 2015 versus
775 1953 824 2014 hio
839 1954 1034 2017 exscribere:
1058 1956 1152 2017 videet

184 2059 274 2120 lector
287 2063 318 2119 et
333 2059 423 2136 leget.

227 2163 274 2220 15.
302 2159 458 2238 &petest
480 2159 528 2219 Ex
541 2177 676 2237 responso
692 2156 805 2218 Christi
815 2158 853 2218 sd
861 2157 1028 2220 mulierem
1044 2161 1150 2222 Chone-

185 2277 288 2333 noeem,
311 2259 360 2320 cui
378 2259 494 2320 assidue
521 2259 636 2336 roganti
662 2262 697 2319 ut
722 2258 816 2319 filiam
843 2279 927 2318 suem
960 2281 980 2320 e
1007 2261 1149 2322 daemonio

186 2363 322 2420 vexatum
335 2363 459 2432 sereret,
474 2364 504 2419 ct
517 2363 562 2419 ter
575 2358 708 2446 repulsae,
724 2359 830 2418 ultimo
844 2359 933 2432 dixit,
960 2361 1019 2420 “0
1035 2360 1148 2430 mulier,

185 2477 290 2536 magns
309 2462 353 2518 est
372 2458 444 2518 fides
464 2462 534 2519 tue:
556 2458 608 2518 fiet
628 2457 684 2518 sibi
704 2457 781 2518 siout
793 2457 873 2518 vis.''
915 2459 1018 2522 Motu.
1034 2479 1089 2520 xv.
1104 2464 1149 2517 28.

186 2559 273 2632 Idem,
291 2578 321 2636 p.
345 2559 451 2631 17-19,
473 2556 526 2636 qui
549 2557 585 2618 de
603 2562 772 2635 argumento
792 2557 848 2618 hoc
866 2561 1012 2636 tanquam
1035 2577 1152 2636 prorsus
1197 2555 1198 2628 J

186 2658 296 2719 invicto
310 2657 459 2735 glorietur.

231 2761 275 2816 16.
296 2759 382 2833 Resp.
406 2757 576 2834 Distinguo:
594 2757 682 2818 Fides
695 2756 727 2818 in
739 2757 794 2817 hoc
800 2759 887 2817 textu
897 2757 1052 2834 significet
1064 2757 1150 2818 fidem

186 2857 399 2937 justificantem
413 2857 655 2920 Protestsnticsm
668 2858 688 2916 i.
703 2877 729 2918 e.
744 2855 883 2917 fiduciam
895 2857 1026 2934 propriae
1037 2857 1148 2936 justifi-

189 2957 311 3019 cationis
324 2962 375 3018 eut
385 2957 607 3035 justificationis
620 2959 652 3018 in
666 2957 728 3018 ullo
741 2976 844 3018 sensu:
866 2957 969 3034 Nego:
993 2957 1149 3034 Significat

187 3059 274 3120 fidem
286 3057 319 3116 iu
333 3056 482 3118 Christum
495 3061 647 3135 potentem
662 3075 764 3118 secere
777 3057 909 3138 morbum
923 3059 1087 3134 corporale,
1108 3063 1145 3128 et,

187 3159 321 3220 ardenter
342 3153 429 3217 etiem
454 3162 542 3235 atque
570 3158 660 3218 etium
681 3161 825 3234 rogatum,
848 3156 976 3232 benigne
991 3157 1148 3216 'volentem

188 3277 303 3319 sonere:
325 3256 555 3333 Subdistinguo:
580 3259 716 3318 Morbum
736 3255 828 3335 ipsine
849 3255 979 3332 rogantis
999 3256 1148 3332 fidemque

186 3359 337 3420 habentis:
359 3359 460 3434 Nego:
483 3359 620 3419 Morbum
635 3358 765 3432 ulterius,
779 3377 894 3435 nempe,
909 3357 979 3418 filice
992 3357 1144 3432 rogantis:

190 3457 330 3518 Concedo.
371 3456 469 3529 Fides,
498 3457 534 3520 de
562 3477 622 3536 qus
644 3459 677 3518 in
697 3462 785 3519 textu
807 3476 900 3518 sermo
923 3460 977 3530 est,
1005 3456 1080 3516 fides
1102 3461 1147 3515 est

188 3557 362 3636 justificans.
403 3556 492 3616 Fides
517 3575 596 3633 vero,
622 3559 737 3636 deque
758 3559 790 3616 in
811 3561 907 3630 textu,
931 3556 1004 3616 fides
1024 3560 1147 3632 estque

191 3657 259 3736 quis
270 3657 361 3717 credit
374 3656 523 3730 Christum
536 3677 620 3734 posse
635 3678 736 3720 sonare
749 3659 882 3720 morbum
896 3659 1032 3736 corporis.
1055 3657 1148 3736 Major
