2424 4300
80 433 169 478 nisu.
187 415 232 498 u]
275 415 329 477 De
347 413 468 477 Grotrir
483 413 575 478 Med.
593 420 625 478 ct
636 415 923 502 Eleu-posr'lzbe.
978 442 1012 500 ¹4
1017 442 1034 503 5

79 579 145 638 vim
160 584 268 640 tactum
281 579 441 640 habitualis
458 581 567 658 gratiae,
582 600 647 641 cum
661 583 787 659 generali
801 584 920 654 auxilio,
941 586 1037 646 omnia

80 683 113 738 et
122 679 238 755 singula
247 683 400 757 praecepta,
417 679 503 739 etiarn
519 663 757 758 supernaturalia,
773 685 914 741 scrvar·e.”
950 685 1037 744 Patet

78 798 199 856 quoque
223 798 261 838 ex
280 799 310 839 11.
334 784 361 852 6,
387 780 438 839 ubi
460 781 606 858 duplicem
633 801 749 840 sensum
775 782 878 841 auxilii
905 784 1036 860 specialis

78 877 213 956 exponit.
267 877 403 951 “Primo,
432 887 467 937 ut
495 878 688 955 distinguitur
714 880 750 938 ab
777 880 887 939 auxilio
910 883 1036 958 generali

77 977 225 1037 naturalis
248 997 413 1050 concursus,
434 982 465 1038 et
485 979 703 1056 comprehendit
722 979 873 1056 quodlibet
891 982 1034 1042 auxilium

76 1077 216 1154 gratiae.'’
255 1077 445 1137 Manifestum
466 1083 510 1137 est
529 1079 672 1137 auxilium
685 1078 877 1154 necessarium
891 1081 928 1140 ad
941 1085 1035 1158 potes-

77 1181 172 1236 tatem
192 1177 394 1254 psrseverandi
418 1178 557 1236 essehoc
584 1197 669 1236 seusu
696 1178 828 1254 speciale.
872 1180 1034 1240 “Secundo

76 1276 165 1335 modo
190 1275 332 1352 accipitur
358 1275 501 1335 auxilium
528 1277 650 1354 speciale
677 1277 754 1335 intra
780 1277 875 1355 ipsum
905 1280 1034 1341 ordinem

76 1375 195 1451 gratiae,
211 1380 241 1435 et
255 1375 468 1454 comparatione
484 1376 560 1436 faeta
575 1376 610 1434 ad
625 1395 776 1436 commune
797 1378 939 1437 auxilium
952 1381 1035 1458 quasi

75 1475 237 1535 intrinsece
261 1475 391 1534 debitum
414 1475 471 1551 ipsi
493 1475 594 1551 gratia
615 1475 647 1533 in
666 1475 718 1534 illo
740 1476 862 1537 ordine:
884 1483 914 1538 et
933 1479 965 1536 in
981 1479 1034 1538 hoc

75 1575 167 1634 etiam
183 1595 268 1634 sensu
282 1575 312 1632 in
331 1575 466 1652 praesenti
486 1575 664 1652 loquimur.”
706 1576 790 1635 Idem
811 1580 892 1654 patet
910 1597 947 1637 ex
969 1577 1033 1636 aliis

75 1674 151 1733 locis
164 1694 223 1733 non
237 1676 344 1750 paucis.

116 1774 188 1833 ⁴⁶61.
209 1774 352 1832 Similiter
366 1773 511 1832 immerito
525 1772 653 1832 citantur
667 1773 718 1831 alii
733 1774 854 1850 theoligi
867 1794 919 1852 pro
934 1776 1033 1836 eadem

75 1873 235 1945 sententia,
251 1873 304 1950 qui
319 1873 492 1931 disserentes
506 1873 540 1932 de
554 1873 775 1950 perseverantia,
796 1874 885 1933 solam
901 1894 1033 1952 perseve-

74 1973 205 2034 rantiam
232 1973 349 2032 finalem
373 1971 563 2048 significant;
588 1973 638 2032 sed
658 1973 728 2031 alibi
753 1973 857 2033 docent
879 1974 969 2051 justo,
999 1984 1032 2034 ut

73 2073 170 2151 possit
190 2073 282 2132 active
296 2091 486 2150 perseverare,
503 2072 633 2132 sufficere
646 2073 756 2131 auxilia
771 2074 941 2133 communia.
985 2075 1033 2135 sio

75 2174 170 2233 Gom
185 2172 306 2250 (citatus
320 2193 336 2230 a
350 2173 369 2232 J
370 2191 525 2244 monera,
540 2171 637 2248 ibid),
663 2172 698 2230 de
712 2173 931 2234 Perseverantia
945 2173 987 2251 (q.
1007 2177 1032 2245 l,

74 2274 147 2332 dub.
167 2276 211 2342 13,
231 2292 260 2330 n.
277 2272 387 2349 6):—“
398 2272 507 2344 Gratia,
524 2290 589 2348 quae
604 2272 640 2329 ad
658 2272 901 2348 perseverantiam
916 2273 1032 2332 finalem

73 2371 248 2450 requiritur,
272 2376 316 2430 est
333 2371 458 2448 speciale
476 2371 584 2429 donum
605 2370 669 2442 Dei,
693 2390 710 2428 a
730 2370 824 2446 gratia
845 2371 989 2430 habituali
1003 2379 1032 2431 et

73 2471 279 2531 communibus
299 2470 419 2529 auxiliis
440 2469 641 2528 distinctum.''
683 2470 727 2528 De
741 2469 912 2528 necessitate
933 2483 1031 2530 autem

72 2570 177 2646 gratiae
202 2571 238 2628 ad
258 2570 378 2630 vitanda
401 2569 536 2628 mortalia
556 2568 639 2646 (dub.
655 2573 683 2639 9,
698 2587 727 2625 n.
745 2568 776 2645 8)
789 2573 860 2628 :-“
870 2570 966 2627 Homo
980 2588 1032 2646 per

72 2669 198 2744 gratiam
223 2669 400 2730 habitualem
423 2671 550 2740 sanatus,
573 2673 608 2725 ut
628 2667 678 2725 diu
693 2667 766 2726 vitet
788 2666 917 2748 [melius
938 2669 1031 2730 vitare
1076 2718 1079 2724 .

72 2769 198 2845 possit·
207 2769 314 2828 sedhoo
325 2787 384 2828 non
395 2772 439 2827 est
449 2768 485 2826 ad
494 2787 553 2826 rem
562 2763 752 2846 praesentem]
760 2772 877 2843 peccata
887 2768 1029 2842 mortalia,

73 2869 191 2943 indiget
203 2869 296 2928 adhuc
310 2867 403 2944 gratia
417 2867 523 2926 actuali
538 2863 734 2926 auxiliante.”
763 2867 812 2926 Ita
826 2871 855 2926 et
869 2867 1028 2943 Brnauauu,

72 2969 100 3026 a.
118 2973 148 3040 a,
164 2987 188 3026 a.
205 2974 232 3038 e,
252 2972 305 3039 10;
328 2969 419 3026 aare.
436 2968 464 3027 a.
481 2971 507 3038 a,
519 2985 547 3025 a
563 2970 630 3037 aaa,
648 2969 724 3038 2433
748 2968 796 3026 sc.

114 3073 163 3126 62.
205 3068 302 3126 Prima
326 3067 382 3126 ista
407 3066 549 3126 sententia
573 3065 654 3124 nullo
676 3069 847 3140 argumento
871 3086 928 3124 non
949 3067 1031 3127 futili

74 3167 192 3228 nititur.
232 3167 334 3226 Altera
348 3165 490 3226 sententia
503 3164 707 3241 congruentior
721 3169 765 3224 est
777 3165 929 3242 principiis
942 3167 1031 3245 hujus

74 3271 217 3326 tractatus
237 3274 267 3326 et
287 3265 433 3326 communi
454 3265 551 3325 sensui
566 3265 707 3324 fidelium.
750 3266 845 3340 Magis
859 3267 947 3324 etiam
962 3287 1028 3326 eon-

76 3368 156 3440 gruit
180 3367 275 3426 verbis
296 3366 437 3428 Ooncilii:
480 3366 642 3427 Concilium
666 3366 745 3424 enim
767 3365 937 3442 simpliciter
959 3368 1030 3428 dicit

77 3471 94 3498 “
102 3467 114 3543 j
119 3467 329 3542 ustificatum,”
355 3475 373 3503 “
386 3469 416 3528 in
432 3473 551 3546 accepta
571 3467 689 3546 justitia
701 3468 729 3540 ;’'
754 3465 779 3524 si
792 3469 890 3525 autem
904 3467 1030 3528 voluerit

76 3567 238 3644 siguificare
248 3589 306 3630 non
320 3570 491 3649 simpliciter
500 3571 626 3649 justum,
637 3570 687 3628 sed
697 3569 812 3646 justum
823 3567 941 3628 auxiliis
952 3569 1031 3630 ordis

75 3669 165 3730 uariis
178 3670 334 3744 munitum,
350 3671 381 3731 id
395 3671 492 3748 aliquo
507 3671 591 3730 modo
606 3667 807 3746 significasset.

544 3774 561 3828 8
