2408 4304
36 451 158 500 mse.
175 433 237 520 xi]
306 432 362 498 De
375 431 641 518 Propruozetus
658 432 806 523 Justz'fic.
961 462 1023 524 393

112 605 167 660 34.
191 601 369 672 “Quantum
382 600 511 659 dolemus
524 598 642 672 exiliis,
658 620 730 679 quos
742 603 898 681 tempestas
911 605 1028 667 inimioa

42 700 241 779 prostravit,
251 702 367 761 tentum
379 699 515 760 leetomur
527 718 565 760 ex
573 698 663 774 vobis,
676 721 747 779 quos
755 701 886 764 diabolus
894 723 1028 784 superare
1061 745 1066 754 ·

44 819 134 861 non
150 799 274 879 potuit.”
316 799 343 860 E
358 799 536 872 (irentinus,
551 798 645 877 Epist.
660 805 688 873 6,
704 819 732 861 n.
747 805 795 866 1.]

116 905 168 962 35.
190 900 304 976 “,Εἰᾱοε
316 899 379 979 ipsa
402 903 433 960 et
449 898 588 960 nativitas
610 899 754 975 emutatis,
770 921 829 964 non
842 907 959 984 eooepte
972 907 1023 969 sed

51 1000 232 1075 custodito,
247 999 405 1061 vivifloet.'’
447 1000 535 1071 Idem,
551 1000 623 1062 ibid.
637 1020 666 1060 n.
683 1005 714 1062 2.

117 1105 168 1161 ³6.
193 1105 252 1158 Τον
279 1123 316 1177 usp
346 1104 477 1176 συζωντα
509 1103 602 1178 potius,
638 1103 775 1160 αδννατον
809 1108 1025 1179 κατορθουσθαι·

56 1203 173 1276 ὥσπερ
187 1224 239 1258 ουν
251 1224 303 1260 τον
316 1224 348 1257 εν
360 1201 448 1278 (pepp
461 1203 564 1275 ζωντα,
580 1203 719 1258 αδυνατον
733 1205 894 1281 διαμαρτειν
939 1211 958 1240 “
967 1207 1027 1274 Qui

55 1309 135 1363 non
149 1301 226 1362 vivit
243 1301 276 1362 in
295 1300 405 1372 timore,
421 1304 500 1362 reete
518 1300 609 1361 illum
628 1319 714 1377 agere
732 1321 791 1364 non
809 1306 855 1365 est
867 1303 1025 1382 possibile:
1086 1329 1090 1334 ’

60 1402 155 1462 siout
167 1401 295 1462 vicissim
314 1421 383 1462 oum
404 1401 510 1463 timore
530 1399 678 1462 viventem
701 1404 745 1462 est
766 1402 944 1481 impossibile
962 1426 1028 1483 poo-

61 1506 171 1566 eere.”
206 1505 378 1565 usonem
391 1503 549 1564 Onusosu.
591 1503 638 1563 Ao
652 1491 797 1581 Populum
811 1505 1026 1569 Antiochenum

64 1607 273 1680 Hom.15‚n.
291 1608 317 1672 1.

336 1841 352 1926 ᾗ
368 1847 396 1904 5.
417 1841 572 1904 Solvuntur
591 1841 768 1920 objectiones.

116 2005 168 2066 ³7.
193 2003 294 2081 Objeot.
311 2005 337 2062 1.
357 2001 564 2062 Innmissibilis
577 2003 622 2062 est
634 2001 729 2080 gretie
741 2024 810 2082 quse
824 1977 958 2084 extingui
971 2029 1030 2070 non

70 2107 180 2184 potest
220 2103 300 2164 Telis
313 2104 411 2163 eutem
434 2107 478 2162 est
498 2100 593 2177 gratio
612 2100 646 2160 in
667 2102 745 2162 omni
763 2103 844 2181 justo
856 2107 1031 2186 :-“Aquae

70 2205 181 2265 multm
194 2223 253 2264 non
265 2203 424 2281 potuerunt
444 2203 615 2279 extinguere
635 2201 815 2279 ohuritetem,
837 2223 891 2265 nee
909 2205 1032 2299 flumine

73 2306 205 2366 obruent
214 2303 322 2365 illam.”
366 2301 493 2362 Cunetio.
508 2301 571 2361 viii.
589 2304 616 2364 7.

120 2408 169 2466 38.
190 2404 275 2481 Reop.
297 2403 335 2464 1⁰.
361 2402 394 2463 si
415 2403 541 2480 ponetur
567 2419 727 2460 sermonem
751 2401 783 2481 ip
796 2400 889 2482 {textu
915 2423 976 2474 esse
999 2407 1035 2468 de

74 2522 175 2566 amore
188 2503 245 2564 Dei
259 2521 327 2580 erga
342 2519 476 2580 sponsam
485 2499 559 2579 (sive
569 2498 729 2560 Eoolosiem
739 2498 800 2560 sive
814 2500 939 2561 enimam
954 2521 1035 2562 sono·

75 2609 164 2683 tsm),
189 2603 272 2662 nulle
302 2604 347 2662 est
371 2601 507 2679 objeotio.
558 2599 643 2658 Idem
667 2598 833 2674 dicendum,
859 2600 885 2659 si
910 2606 1037 2678 ponetur

77 2727 240 2772 sermonem
251 2726 312 2769 esse
326 2706 361 2768 de
375 2724 475 2766 amore
489 2703 630 2764 Ecclesiae
641 2722 710 2781 ergo
722 2721 860 2780 sponsum
874 2705 1035 2769 Christum:

77 2812 122 2872 2⁰.
147 2810 180 2872 si
202 2811 330 2888 ponatur
354 2825 512 2869 sermonem
536 2823 597 2866 esse
619 2805 655 2865 de
676 2804 816 2866 oharitete
839 2809 869 2867 et
892 2807 986 2884 gretie
1005 2811 1038 2868 in

78 2911 161 2972 omni
174 2911 270 2971 anime
280 2911 374 2989 juste,
391 2907 569 2985 Distinguo:
584 2907 614 2967 N
615 2907 676 2966 ulla
688 2905 721 2966 vi
733 2910 854 2968 externe
868 2908 904 2987 (“
915 2929 1038 2990 aqum—

78 3013 256 3092 flumino”),
269 3011 353 3071 nulle
372 3029 560 3088 quacumque
581 3008 742 3069 tentatione
763 3008 825 3070 sive
844 3013 965 3072 externa
978 3012 1039 3074 sive

79 3115 207 3186 interne,
221 3112 285 3190 ipsa
298 3111 395 3170 anime
408 3109 534 3185 nolente,
557 3107 694 3186 extingui
713 3110 810 3187 potest
830 3111 942 3188 gnatia:
963 3112 1039 3173 Gon·

80 3215 170 3276 oedo:
192 3215 261 3292 Ipse
285 3211 383 3273 enimn
405 3211 529 3292 gretiam
552 3209 584 3270 in
607 3229 637 3270 se
660 3209 832 3286 extinguere
851 3231 910 3272 non
923 3215 1036 3291 potest:

80 3316 185 3393 Nego:
208 3314 294 3389 intro,
309 3333 340 3375 n:
355 3317 405 3375 40.
449 3317 468 3348 “
479 3311 576 3375 Verba
589 3311 777 3373 (leuticorum
786 3312 880 3372 solum
893 3332 1038 3375 oommen·

82 3417 155 3479 dant
177 3415 335 3476 effioeoiem
358 3413 464 3476 amoris
477 3416 507 3474 et
520 3413 672 3474 eharitatis
687 3413 713 3474 si
722 3413 808 3473 homo
821 3413 874 3473 illa
886 3414 932 3475 uti
944 3415 1036 3478 volit:

82 3537 142 3578 non
154 3535 223 3577 voro
234 3516 337 3577 dieunt
355 3514 504 3576 hominem
527 3514 594 3592 oogi
614 3503 725 3592 semper
738 3515 775 3573 od
788 3515 929 3574 utendum
942 3515 1037 3576 eheri-

84 3619 155 3690 tete,
170 3607 208 3674 ne
221 3615 383 3675 tentatione
397 3613 541 3675 sineatur.
586 3612 705 3686 Susum,
721 3611 742 3673 1.
759 3630 783 3672 o.
799 3631 829 3673 n,
849 3615 894 3673 18.

123 3724 172 3783 39.
208 3718 308 3794 Objoot.
336 3724 365 3781 2.
389 3719 523 3780 “Certus
547 3737 612 3778 sum
631 3716 719 3790 enim,
743 3715 812 3796 quia
834 3735 928 3797 neque
950 3737 1047 3800 moro..

545 3819 601 3874 18*
