2410 4314
89 456 166 500 mss.
183 431 252 521 nn]
298 435 353 496 De
371 432 491 496 Gratea
506 432 666 499 elevante:
687 435 837 520 pesenae.
993 457 1031 518 75

91 601 129 671 2⁰,
144 601 177 658 de
190 599 356 658 hominibus
371 599 422 674 qui
436 599 547 657 viribus
568 604 598 658 et
617 601 806 660 facultatibus
819 602 879 660 suis
892 603 1031 662 naturali-

87 701 138 758 bus
149 699 243 776 plenis
264 703 294 758 et
317 698 460 773 expeditis
482 700 657 773 gaudebant.
699 702 745 760 Nc
769 703 868 770 eadem
889 722 1031 780 crgoper-

86 803 167 876 petuo
180 802 357 874 repetantur,
373 799 434 856 haec
447 799 503 856 duo
518 803 714 874 supponimus.

123 905 166 956 39.
190 897 309 974 Duplici
330 903 500 974 argumento
524 899 681 974 propositio
702 903 801 958 nostra
822 921 859 960 ex
878 901 933 959 hoc
946 903 1033 960 textu

84 997 270 1057 concluditur.
327 997 364 1056 1⁰.
398 998 446 1055 Ex
469 999 691 1074 comparatione,
716 1019 781 1076 quae
806 999 956 1076 analogica
978 1005 1030 1071 est,

84 1097 188 1160 Christi
214 1101 244 1156 ct
273 1095 351 1166 vitis,
377 1097 584 1172 Apostolorum
608 1103 638 1156 et
661 1098 826 1174 palmitum,
856 1099 981 1176 positive
1004 1105 1033 1158 et

83 1195 331 1272 negative-quod
345 1198 442 1254 autem
456 1195 491 1254 de
505 1195 653 1272 Apostolis
666 1196 714 1254 hic
729 1197 836 1256 dicitur
852 1199 887 1256 de
901 1198 1033 1258 omnibus

83 1297 163 1375 plano
183 1295 335 1354 dicendum
357 1298 411 1356 est.
462 1295 592 1355 Positive
626 1297 827 1356 concluditur:
859 1297 1033 1356 sicutenim

83 1396 189 1475 palmes
210 1398 300 1454 totam
324 1413 406 1454 suam
429 1395 521 1454 vitam
536 1394 728 1471 vegetabilem
751 1398 793 1454 ita
807 1397 896 1456 avite
910 1399 1031 1470 derivat,

85 1501 118 1556 ut
130 1497 258 1554 fructum
278 1495 394 1554 nullum
412 1514 449 1553 ex
472 1495 625 1571 semetipso
647 1496 739 1554 facere
760 1502 871 1573 potest;
894 1499 936 1556 ita
948 1497 1033 1556 homo

84 1601 173 1658 totam
196 1616 277 1656 suam
291 1595 350 1654 vim
366 1597 402 1654 ad
417 1615 503 1674 opera
527 1596 665 1654 salutaria
684 1598 847 1673 propiando
860 1599 895 1656 ab
910 1597 1033 1676 appulsu

84 1701 114 1757 et
135 1696 250 1755 influxu
275 1693 383 1754 christi
404 1695 499 1753 habet.
550 1695 710 1771 Negative:
733 1714 802 1753 nam
826 1696 902 1754 sicut
924 1697 1035 1772 palmes

83 1795 322 1873 pracisus'avite
342 1794 473 1852 absolute
494 1795 601 1853 sterilis
622 1799 673 1866 est,
696 1795 737 1853 ita
758 1795 887 1854 absolute
901 1795 1033 1873 impossi-

83 1896 140 1956 bile
164 1900 208 1954 sst
221 1898 256 1953 ut
269 1895 354 1952 homo
377 1893 439 1952 sinc
461 1893 554 1970 gratia
569 1894 678 1954 Ohristi
696 1895 790 1952 ullum
813 1915 885 1971 opus
908 1896 1033 1954 salutare

81 1999 178 2073 ponat.
221 1999 259 2052 2⁰.
281 1993 471 2053 concluditur
497 1994 654 2071 propositio
674 2013 710 2053 ex
734 1998 819 2052 textu
842 1995 947 2054 diserte
971 2015 1033 2053 eam

82 2095 240 2156 affirmante
251 2098 323 2153 :-“
334 2092 403 2170 quia
425 2093 487 2152 siue
510 2113 568 2155 me¹
580 2093 656 2152 nihil
678 2094 798 2170 potestis
820 2095 912 2154 facere
923 2096 951 2152 :'’
974 2095 992 2153 i.
1008 2115 1033 2155 e.

80 2193 273 2254 necessarium
297 2193 426 2253 absolute
448 2197 491 2252 est
511 2194 591 2252 utin
604 2213 650 2252 me
672 2193 813 2252 maneatis
828 2194 920 2272 (quod
935 2193 1033 2254 subin-

80 2292 226 2368 telligitur
259 2312 297 2351 ex
326 2293 423 2352 verbis
453 2293 708 2370 praecedentibus),
735 2293 805 2370 quia
828 2294 889 2352 sinc
913 2313 959 2352 me
983 2297 1031 2352 &a

81 2393 211 2454 Celebris
240 2398 284 2452 est
313 2392 393 2451 locus
427 2393 456 2452 S.
483 2392 654 2468 Augustini,
688 2392 784 2452 Tract.
807 2397 853 2464 81,
877 2393 908 2450 in
929 2393 1033 2452 Joann.

77 2513 109 2554 n.
133 2493 288 2554 3:-“Ns
313 2491 467 2570 quisquam
488 2496 607 2570 putaret
632 2492 734 2550 saltem
763 2510 886 2569 parvum
909 2492 1035 2570 aliquem

77 2595 210 2652 fructum
235 2611 318 2670 posse
332 2613 349 2651 a
363 2593 515 2671 semetipso
539 2593 690 2671 palmitem
712 2593 795 2664 ferre,
819 2611 884 2650 cum
904 2593 1034 2666 dixisset,

79 2694 146 2752 ‘hic
167 2693 225 2752 fert
248 2693 378 2752 fructum
399 2692 546 2766 multum,’
561 2711 620 2750 non
636 2691 686 2764 ait,
706 2691 776 2768 quia
798 2690 860 2750 sine
873 2710 919 2750 me
932 2710 1035 2768 parum

74 2792 201 2872 potestis
224 2792 327 2865 facere,
354 2792 414 2864 sed,
445 2791 539 2850 ‘nihil
562 2791 682 2869 potestis
707 2791 822 2850 facere!
875 2790 944 2850 Sive
966 2811 1034 2867 ergo

73 2912 183 2971 parum
204 2891 265 2950 sive
286 2891 424 2964 multum,
449 2891 511 2950 sine
532 2891 584 2950 illo
605 2890 670 2949 fieri
694 2909 752 2949 non
775 2893 880 2968 potest,
893 2889 1034 2968 {sinequo

73 2993 157 3054 nihil
170 2993 234 3052 fieri
247 2991 371 3068 potest.'’

119 3099 169 3152 40.
183 3093 396 3162 Aaouunnruu
409 3091 470 3150 III.
495 3089 675 3150 “Fiduciam
689 3092 786 3150 autom
798 3089 886 3149 talem
896 3091 1035 3150 habemus

71 3214 131 3273 per
145 3193 294 3252 Christum
308 3191 345 3250 ad
357 3191 471 3249 Deum:
494 3209 552 3248 non
567 3190 644 3267 quod
665 3189 838 3248 sufficientes
852 3190 942 3249 simus
956 3191 1032 3266 cogi-

72 3300 142 3354 tare
156 3291 270 3369 aliquid
283 3311 300 3349 a
313 3290 405 3362 nobis,
422 3289 505 3367 quasi
519 3310 556 3348 ex
569 3290 651 3348 nobis
665 3307 671 3347 :
693 3290 743 3348 sed
756 3289 849 3348 omnis
863 3289 1034 3350 sufficientia

69 3395 180 3454 nostra
193 3411 231 3450 ex
243 3391 306 3450 Deo
320 3389 391 3450 est.'’
408 3394 426 3446 2
442 3391 506 3448 Gor.
522 3389 565 3449 iii.
577 3395 604 3462 4,
617 3394 643 3448 5.
685 3390 732 3447 Ex
746 3388 892 3448 occasions
905 3390 1032 3466 particu-

67 3491 133 3554 lari
147 3492 306 3570 (loquendo
322 3491 357 3550 de
371 3509 506 3550 successu
527 3509 578 3548 suo
600 3489 726 3548 mirabili
747 3487 780 3546 in
794 3487 951 3548 Corinthiis
965 3509 1031 3548 con·

69 3591 241 3669 vertendis)
256 3591 286 3650 S.
302 3590 413 3649 Paulus
426 3589 586 3649 doctrinam
598 3587 790 3649 universalem
804 3587 934 3647 affirmat
974 3587 1033 3647 Per

65 3695 156 3754 vires
169 3694 283 3752 nostras
295 3691 442 3751 naturales
455 3690 570 3750 nullum
584 3708 656 3766 opus
666 3688 792 3748 salutare
806 3685 844 3766 [“
855 3706 913 3746 non
935 3727 941 3743 .
964 3729 972 3746 .
993 3731 1000 3746 .
1025 3731 1031 3746 .
