2424 4300
234 473 292 520 roo
596 447 652 520 De
674 451 805 521 Gratia.
1025 459 1120 547 [urse.
1134 486 1170 529 ιιι.

227 639 296 680 vera
309 618 438 680 motiva:
460 622 523 679 tum
537 621 698 698 praesertim
707 623 783 700 quod
792 622 896 682 lraenet
906 628 1172 706 concupiscentiam,

227 722 381 783 tribuendo
394 723 540 784 voluntati
560 724 763 784 rectitudinem
778 745 811 785 ac
824 725 913 784 robur
933 728 972 786 ad
992 727 1081 791 illam
1093 753 1174 812 snper-

227 823 340 896 andam,
363 827 394 882 ct
412 821 461 882 sio'
480 823 641 883 voluntatis
664 823 863 884 infirmitatem
886 831 972 888 sanet
996 849 1033 890 ac
1057 833 1173 892 roboret:
1197 865 1198 912 ι

228 929 258 985 et
271 927 481 1002 consequenter
501 923 595 1001 gratia
615 923 796 984 medicinalis
819 929 863 986 est
882 928 1047 1004 potentior,
1065 936 1095 992 et
1106 933 1175 1011 plan

225 1025 346 1102 praestat
359 1043 448 1101 quam
461 1023 555 1099 gratie
569 1023 729 1083 sanitatis.”

266 1125 353 1186 *lla
369 1127 445 1184 Mihi
455 1124 546 1202 magis
557 1125 664 1185 arridet
673 1127 736 1185 haec
745 1125 831 1186 tertia
841 1128 999 1189 sententia.
1024 1131 1084 1192 Sed
1094 1135 1174 1194 forsan

225 1229 356 1287 auctores
375 1227 509 1286 secunda
523 1227 674 1287 sententiae
694 1227 818 1306 gratiam
837 1227 1009 1290 intellectus
1023 1235 1174 1295 redundan-

224 1333 282 1390 tem
297 1328 330 1388 in
342 1328 531 1399 voluntatem,
545 1329 667 1406 ideoque
681 1329 804 1406 gratiam
817 1330 981 1392 voluntatis
1002 1332 1172 1406 indirectam,

225 1433 374 1492 tenerent:
396 1450 454 1507 quo
472 1429 575 1507 posito,
599 1431 751 1490 sententia
771 1431 849 1492 inter
869 1451 980 1493 senon
995 1438 1117 1497 tantum
1129 1439 1175 1498 dis·

224 1535 381 1608 creparent.
416 1531 470 1612 ¹lit
492 1549 590 1606 reapse
613 1530 666 1590 vix
697 1531 808 1608 concipi
838 1535 1001 1610 potestat,
1026 1537 1133 1598 saltem
1153 1539 1198 1608 in}

223 1631 340 1690 homine
354 1631 468 1707 integro
481 1633 511 1690 et
524 1630 686 1704 innocente,
710 1631 804 1707 gratia
824 1631 1031 1694 illustrationis
1045 1655 1108 1696 non
1122 1643 1178 1697 tan·
1197 1631 1198 1656 ³

224 1737 275 1810 get
297 1736 327 1792 et
348 1732 427 1792 haud
450 1751 553 1810 parum
577 1732 747 1793 exstimulet
768 1733 861 1813 ipsam
884 1735 1084 1799 voluntatem.
1128 1740 1179 1810 Qui

223 1831 308 1911 plura
328 1833 363 1892 de
383 1833 430 1892 his
449 1832 521 1893 velit
541 1833 625 1892 adeat
645 1835 825 1904 Aurorns‚l
846 1853 871 1892 c.
894 1835 1080 1913 Morimene,
1104 1859 1136 1918 q.
1159 1845 1179 1910 l,

223 1953 248 1992 a.
264 1937 301 2008 33
323 1935 476 1994 Bentian.
491 1934 526 1993 de
541 1932 642 1993 Gratia
661 1933 749 2010 primi
768 1935 846 1993 horn.
862 1952 887 1994 o.
905 1939 938 2006 43
959 1935 1099 2012 Κιιιιιιιι,
1117 1941 1146 2000 d.
1157 1945 1179 2010 5,

223 2055 246 2095 c.
263 2038 289 2107 1,
305 2055 331 2094 a.
347 2039 382 2107 4;
406 2037 526 2108 Hanno,
543 2055 571 2112 q.
589 2037 616 2108 4,
633 2055 659 2095 a.
675 2039 753 2107 2-4;
777 2037 826 2094 &c
848 2039 887 2107 et,
911 2036 947 2095 de
967 2041 1189 2116 comparatione¹

224 2136 376 2214 utriusque
390 2141 492 2210 status,
508 2137 632 2207 Sunnnz,
649 2137 684 2196 do
699 2137 791 2214 Opere
805 2157 856 2197 sex
871 2136 942 2198 dier.
957 2138 979 2196 l.
998 2144 1026 2212 5,
1045 2161 1073 2201 c.
1092 2147 1141 2202 ll.
1197 2195 1198 2200 ,

264 2233 353 2299 8119.
380 2233 526 2304 Quaeritur
550 2231 591 2294 3⁰.
613 2233 662 2291 An
684 2233 776 2310 possit
799 2233 884 2292 homo
902 2233 1012 2311 justus,
1039 2237 1076 2297 vi
1101 2239 1198 2299 soline}

224 2355 283 2396 snae
297 2335 396 2412 gratiae
411 2335 570 2395 habitualis
584 2339 614 2394 et
627 2353 694 2412 ergo
705 2335 813 2412 absque
826 2334 921 2412 gratia
934 2337 1056 2412 actuali,
1071 2339 1183 2420 aliquod

224 2458 296 2516 opus
310 2437 435 2497 salutare
450 2433 584 2496 efficere?
624 2433 693 2495 Vid.
710 2435 738 2494 d.
755 2439 782 2510 6,
795 2455 825 2495 n.
842 2435 890 2496 87.

264 2541 330 2600 120.
363 2537 506 2610 Quaeritur
531 2537 574 2598 4⁰.
607 2538 657 2595 An
685 2535 778 2614 gratia
801 2537 963 2597 necessaria
985 2538 1026 2600 sit
1054 2543 1096 2602 ad
1123 2562 1184 2620 opus

220 2641 356 2718 negative
371 2638 523 2699 salutare?

263 2745 329 2799 121.
349 2741 434 2816 Rerp.
459 2738 571 2800 Solutio
594 2738 665 2798 satis
685 2741 767 2816 patet
790 2757 827 2798 ex
849 2735 936 2800 dictis
955 2758 987 2801 ιι.
1004 2745 1049 2801 86
1071 2747 1106 2805 et
1121 2746 1184 2809 (1.2,

220 2859 250 2901 ιι.
266 2844 313 2910 92,
331 2843 381 2899 de.
424 2839 524 2898 Gratia
537 2837 719 2898 medicinalis
739 2837 848 2897 ordinis
861 2840 1006 2901 naturalis
1020 2844 1186 2905 necessaris

220 2943 265 3000 est
278 2945 312 2999 ut
325 2939 374 2998 lex
394 2939 538 2999 naturalis
559 2934 726 3018 impleatur,
750 2945 779 2998 et
801 2939 866 3000 ideo
880 2943 914 3000 ut
926 2940 1070 3004 infideles
1085 2965 1125 3006 ea
1139 2962 1187 3004 ιιοι

220 3039 330 3100 faciant
350 3058 436 3116 opera
463 3058 529 3116 quae
551 3039 661 3100 obicem
693 3043 832 3118 ponerent
864 3058 964 3100 eorum
990 3043 1186 3105 conversioni

222 3143 280 3201 Sed
293 3140 387 3218 gretia
400 3140 516 3200 elevans
538 3144 650 3201 nonest
663 3141 829 3202 necessaria.
870 3141 938 3201 Vid.
958 3143 997 3202 A.
1020 3145 1186 3207 Lemnis

224 3248 237 3302 l
254 3244 329 3303 Tim,
345 3241 366 3303 i.
384 3245 430 3316 13,
446 3246 475 3302 et
489 3243 638 3316 Pnnaoun,
653 3262 682 3302 n.
700 3247 747 3316 86,
765 3244 832 3316 287,
849 3246 916 3302 446.

261 3345 349 3404 *122
374 3343 519 3414 Queritur
533 3345 574 3403 5⁰.
596 3345 644 3402 An
667 3343 759 3421 possit
776 3341 837 3402 sino
859 3341 953 3419 gratia
975 3344 1091 3408 haberi
1118 3369 1188 3408 amc:

221 3444 279 3508 Dei
302 3443 464 3505 naturalis?
515 3443 682 3504 Communis
708 3442 852 3504 sententia
887 3443 1013 3504 affirmat
1042 3450 1191 3527 ejusmoi

222 3567 346 3608 amorem
360 3547 562 3625 imperfectum
583 3546 645 3606 sine
666 3545 759 3622 gratie
779 3544 878 3605 haberi
898 3563 992 3622 posse,
1007 3567 1079 3610 nou
1096 3558 1192 3612 auter

221 3647 391 3728 perlectum.
434 3647 500 3709 Vid.
515 3647 543 3705 d.
560 3651 586 3719 2,
603 3666 632 3705 n.
644 3651 691 3720 98,
709 3649 739 3705 et
753 3645 873 3718 Suram,
896 3647 914 3705 1.
935 3649 959 3719 l,
978 3666 1004 3707 c.
1020 3653 1068 3710 30
1085 3657 1127 3712 et
1143 3671 1188 3724 sec,

223 3757 242 3785 ‘⁶
253 3744 446 3808 Facilioribus
460 3749 603 3824 operibus,
619 3766 684 3824 quae
699 3767 766 3807 cum
777 3746 868 3808 libero
883 3748 1056 3811 voluntatis
1069 3753 1193 3815 arbitri:
