2408 4304
183 395 245 473 378
547 384 603 452 De
617 384 752 453 Gratza.
1008 387 1103 474 [ms-p,
1114 407 1143 454 x,

222 561 269 616 86.
291 555 375 632 Rccp.
398 552 489 632 Apud
505 552 631 626 Galatas,
654 553 814 630 agentibus
837 554 1022 632 quibusdam
1040 555 1144 615 «Iudeis

180 655 332 728 conversis,
348 653 495 730 magistris
509 653 622 725 erroris,
648 653 800 713 invaluere
820 655 1056 732 superstitiones
1074 675 1143 733 ane

180 755 246 814 dam
269 754 306 813 iis
330 754 439 812 similes
462 753 522 812 imo
546 754 659 830 pejores
673 772 740 831 quse
754 753 789 812 in
805 755 949 814 Romanis
963 757 1143 833 reprehenso

179 857 257 927 sunt,
280 859 369 914 etex
392 853 492 914 eodem
514 853 659 932 principio
691 854 858 931 pernicioso
882 861 1054 917 manantes.
1105 859 1144 916 De

178 955 317 1028 Ecclesia,
333 957 352 1015 1.
367 975 391 1016 o.
406 974 435 1014 n.
451 959 518 1027 359,
536 958 585 1014 &o

219 1056 266 1116 87.
292 1053 392 1132 Odjeot.
404 1061 430 1115 6.
452 1057 472 1114 J
473 1053 628 1113 ustificetio
638 1053 799 1130 peccatoris
813 1058 858 1114 est
869 1056 993 1115 omnino
1006 1057 1144 1132 gratuita,

177 1159 212 1212 ut
232 1158 314 1231 petet
337 1175 374 1214 ex
395 1155 530 1232 pluribus
553 1153 709 1230 Scripturas
723 1153 803 1228 locis,
819 1175 848 1215 v.
858 1175 884 1230 g.
900 1156 991 1214 Rom.
1007 1157 1055 1215 iii.
1071 1163 1140 1216 2:-

180 1253 365 1314 “Justifiocti
384 1255 473 1332 gratis
487 1274 538 1332 per
551 1253 673 1330 groticm
693 1252 816 1329 ipsius.''
859 1256 920 1314 Sed
933 1257 1071 1332 gratruta
1088 1277 1141 1315 non
1195 1253 1196 1258 ’

178 1359 261 1429 esset,
278 1356 302 1414 si
316 1375 403 1433 opera
416 1357 604 1432 exigerentur
623 1357 657 1413 ut
681 1355 886 1432 dispositiones
900 1358 938 1416 ad
951 1377 1021 1417 earn
1035 1359 1140 1418 habon-

178 1455 274 1514 dam.''

218 1561 265 1618 88.
286 1555 372 1631 Resp.
391 1556 431 1615 1⁰.
452 1556 547 1632 Major
571 1553 720 1614 verissima
733 1557 764 1614 et
777 1555 940 1616 certissima
960 1561 1016 1616 est.
1062 1559 1139 1634 Nego

178 1656 328 1728 minorem,
344 1655 392 1714 vel
406 1656 577 1732 Distinquo:
602 1653 633 1714 Si
646 1673 732 1730 opera
746 1655 937 1731 exigerentur
949 1665 988 1716 ut
997 1659 1139 1718 merentia

173 1753 421 1832 justificationem,
435 1754 547 1813 intuitu
560 1773 683 1831 quorum
697 1755 908 1831 rependeretur
917 1756 1096 1832 justificatio
1108 1765 1139 1817 nt

177 1875 285 1915 merces
306 1875 356 1914 seu
378 1855 548 1932 praemium:
573 1854 721 1913 Concedo:
750 1854 783 1912 Si
806 1855 964 1932 exigantur
994 1861 1031 1918 ut
1054 1878 1137 1918 merae

178 1955 400 2032 dispositionnos
423 1975 474 2014 seu
503 1953 679 2014 conditiones
701 1973 718 2012 a
742 1955 804 2012 Deo
827 1955 920 2014 libere
943 1957 1135 2018 constitute:
1197 1973 1198 2008 l

179 2053 405 2128 subdistinguo:
428 2053 468 2110 Et
490 2051 547 2110 ista
570 2071 664 2127 opera,
689 2050 753 2109 istae
778 2051 959 2112 conditiones
981 2061 1054 2114 sunt
1067 2057 1135 2132 ipsae

179 2153 308 2230 gratuita
328 2155 404 2213 dona
417 2153 483 2226 Dei,
500 2156 536 2214 ab
556 2152 641 2212 initio
666 2152 702 2210 ad
723 2152 813 2210 finem
828 2173 845 2211 a
859 2154 922 2212 Deo
942 2156 1134 2232 pergratiam
1197 2231 1198 2238 ἵ

179 2274 261 2314 suam
273 2253 469 2314 illustrantem
492 2258 522 2314 et
544 2253 733 2332 inspirantem
750 2252 782 2312 in
805 2255 899 2327 nobis,
915 2259 1134 2334 cooperantibus
1197 2239 1198 2320 l

178 2355 270 2428 nobis,
287 2355 396 2414 effectae
411 2355 505 2433 (Deus
529 2357 572 2413 est
596 2353 672 2414 enim
686 2352 738 2430 qui
759 2373 807 2412 eas
821 2357 852 2412 et
865 2355 941 2414 velle
954 2360 986 2414 et
999 2359 1133 2434 perficere

178 2457 313 2532 operatur
325 2454 357 2514 in
371 2454 467 2533 nobis)
481 2475 488 2514 ε
510 2455 660 2514 Concedo:
685 2453 762 2514 Sunt
781 2472 870 2530 opere
884 2457 986 2515 nostra
1001 2476 1041 2516 ex
1055 2459 1133 2518 nobis

177 2573 251 2632 pura
264 2557 293 2614 et
306 2554 467 2616 naturalia:
490 2554 581 2630 Nego.
622 2551 725 2615 Verbis
744 2552 838 2630 ipsius
858 2553 984 2614 Consilii
1005 2557 1132 2618 Trident.

178 2652 355 2726 clarissimis,
381 2673 449 2712 sess.
466 2659 494 2726 6,
510 2673 572 2730 cap.
589 2659 616 2726 8,
633 2651 761 2730 objectio
780 2652 918 2714 funditus
931 2656 1080 2716 evertitur
1089 2678 1133 2718 :-
1197 2667 1198 2684 ¹

180 2757 199 2786 “
212 2753 284 2814 Oum
297 2772 365 2812 vero
379 2754 536 2832 Apostolus
556 2753 644 2827 dicit·
649 2752 805 2831 justificari
818 2753 969 2816 hominem
982 2759 1132 2834 perfidem

179 2856 209 2914 et
232 2852 339 2930 gratis;
360 2872 394 2913 ea
417 2855 504 2913 verba
526 2853 559 2912 in
578 2873 611 2912 ec
633 2871 719 2912 sensu
738 2851 932 2928 intelligenda
953 2860 1033 2930 sunt,
1049 2879 1131 2936 quern
1197 2851 1198 2864 ¹

177 2956 336 3029 perpetuus
346 2951 484 3012 Ecclesiae
495 2951 651 3014 Catholiooe
662 2953 925 3013 consensustenuit
935 2957 967 3014 et
976 2957 1129 3033 expressit:

179 3055 214 3110 ut
227 3050 339 3111 scilicet
346 3070 401 3128 par
411 3053 499 3130 fidem
519 3053 578 3111 idco
586 3052 744 3128 justificari
762 3052 899 3125 dicamur,
922 3053 993 3130 quia
1006 3055 1080 3115 fides
1093 3059 1131 3116 est

178 3151 313 3212 humenae
327 3150 430 3210 salutis
443 3150 572 3226 initium,
588 3151 811 3210 fundamentum
825 3159 855 3211 et
869 3153 955 3212 radix
969 3156 1063 3214 omnis
1072 3156 1130 3232 jus·

178 3251 354 3325 tificationis,
378 3250 440 3309 sine
467 3270 526 3328 quc
547 3251 725 3329 impossibile
748 3255 792 3312 ost
813 3251 928 3328 placere
950 3254 1025 3326 Deo,
1050 3263 1080 3314 et
1098 3255 1130 3314 cd

179 3349 305 3411 filiorum
319 3350 382 3428 ejus
395 3351 572 3410 consortium
585 3350 754 3428 pervenire:
774 3354 1131 3434 protiscutemjustc‘ficm

180 3453 240 3512 ideo
258 3455 393 3528 dicamur,
418 3453 487 3531 quie
508 3452 584 3512 nihil
604 3472 713 3525 eorum,
729 3472 792 3530 quse
802 3453 1046 3530 justificationem
1058 3476 1126 3534 prse-
1197 3431 1198 3446 i

180 3553 294 3623 cedunt,
321 3552 382 3611 sive
396 3553 467 3612 fides
481 3553 543 3612 sive
557 3573 650 3630 opere,
672 3553 765 3629 ipsam
776 3553 995 3630 justificationis
1007 3557 1125 3632 gratian

181 3633 381 3729 promeretur:
411 3652 436 3713 si
459 3653 537 3716 onim
561 3651 655 3730 gratie
678 3656 729 3728 est,
749 3652 811 3730 jam
832 3671 892 3713 non
913 3672 952 3712 ex
976 3655 1121 3736 operibns:
