2410 4314
90 453 184 498 mse.
200 432 242 520 1.]
419 433 741 502 NotzbnesPraevt'ae.
1008 460 1044 520 13

91 599 177 659 infra
189 598 304 676 plenius
317 600 507 662 enarrabitur.
542 601 643 664 Gratia
656 600 777 664 actualis
788 604 831 664 est
841 603 947 676 donum
958 623 1009 682 per
1019 624 1050 666 se

93 703 262 772 transeuus,
285 698 444 760 habitualis
467 721 519 778 per
540 721 571 762 se
593 721 783 779 permanens;
804 701 883 781 prior
899 703 935 764 ad
950 722 1051 765 seeun-

93 799 166 858 dam
181 820 210 859 se
223 799 312 860 habet
324 809 359 860 ut
372 803 470 861 motus
483 801 520 860 ad
534 801 701 882 terminum.

139 899 266 960 28.-V.
295 899 396 960 Gratia
415 901 536 961 actualis
551 901 693 961 dividitur
709 902 750 975 10,
771 900 944 979 ingratiam
965 901 1051 964 intel·

92 999 200 1072 lectus,
216 1004 247 1058 et
260 999 382 1078 gratiam
396 1001 566 1063 voluntatis.
607 1003 649 1062 Ut
663 1003 726 1079 ipsa
739 1001 829 1062 verba
848 1001 918 1062 satis
938 1007 1050 1077 sonant,

93 1101 190 1160 altera
211 1121 276 1180 quae
300 1101 389 1163 etiam
416 1102 621 1163 illustrationis
643 1107 774 1176 vocatur,
805 1103 842 1162 ad
867 1103 1050 1164 intellectum

92 1201 323 1261 illuminandum
357 1203 460 1276 datur;
495 1203 596 1276 altera,
632 1222 697 1281 quae
729 1203 816 1264 etiam
851 1202 1050 1282 inspirationis

91 1307 225 1376 vocatur,
242 1304 276 1363 ad
291 1303 472 1366 voluntatem
486 1303 692 1364 inclinandam.

137 1403 283 1464 ua-VI.
314 1403 464 1464 Dividitur
490 1405 533 1479 20,
561 1404 594 1463 in
622 1402 811 1464 sufficientem
839 1406 869 1463 et
895 1404 1048 1465 efficacem.

47 1555 52 1562 .
92 1502 183 1562 Prior
202 1506 245 1564 est
265 1523 330 1582 quae
355 1505 405 1565 dat
418 1525 515 1566 veram
537 1504 706 1565 facultatem
727 1523 800 1582 opus
820 1503 954 1578 faciendi,
971 1505 1049 1583 quod

92 1605 195 1662 tamen
218 1623 277 1662 non
300 1604 353 1679 fit;
376 1604 467 1664 altera
487 1608 532 1665 est
552 1623 611 1683 qua
636 1604 672 1664 fit
696 1622 778 1683 opus.
818 1605 855 1663 Iu
879 1604 927 1663 his
950 1621 1049 1664 omnes

93 1707 224 1785 theologi
234 1708 426 1784 conveniuut;
448 1709 485 1769 de
499 1709 535 1770 iis
550 1709 581 1768 in
591 1709 697 1788 quibus
710 1708 789 1770 iuter
803 1728 833 1769 se
843 1712 930 1768 variae
944 1701 1047 1768 schole

93 1806 279 1882 dissentiunt,
296 1808 355 1869 vid.
371 1809 399 1869 d.
416 1811 443 1868 8.

136 1907 300 1970 ao.-v11.
323 1907 475 1969 Dividitur
496 1909 538 1981 30,
560 1907 592 1968 iu
614 1928 676 1968 earn
697 1926 763 1986 quae
783 1905 927 1986 praevenit
947 1909 976 1967 et
996 1927 1045 1968 ex·

93 2005 168 2066 citat
184 2007 221 2066 ad
240 2009 348 2068 bouum
369 2008 543 2081 faciendum,
566 2012 596 2070 91
609 2028 672 2068 eam
686 2027 744 2086 qua
757 2010 926 2086 cooperante
939 2009 1047 2069 bonum

92 2107 170 2167 illud
194 2108 325 2170 efficitur.
375 2109 459 2169 Prior
480 2108 577 2168 vocari
598 2111 695 2187 potest
710 2111 891 2186 praeveniens,
915 2109 1045 2182 excitans,

94 2229 238 2287 operatam
273 2211 379 2286 altera,
401 2210 572 2290 aulaequeno,
601 2213 704 2288 utpote
730 2229 795 2288 quae
822 2207 1047 2289 prevenientem

94 2310 293 2389 subsequitur,
309 2312 456 2390 uciy'uoaao,
474 2313 663 2384 concomitans,
688 2329 845 2387 cooperare.
886 2308 952 2370 Etsi
969 2308 1047 2389 apud

94 2411 233 2489 quosdam
253 2411 402 2489 theologos
420 2431 480 2471 non
499 2431 560 2471 una
577 2417 622 2470 ert
643 2410 766 2470 istorum
780 2411 934 2470 verborum
956 2409 1046 2470 inter·

92 2511 227 2590 pretatio,
248 2512 364 2571 nullum
382 2511 414 2570 in
429 2531 461 2572 19
476 2511 628 2571 dissidium
643 2516 696 2571 est.
740 2511 865 2582 Surena,
876 2510 897 2569 l.
914 2515 941 2582 3,
956 2529 981 2568 o.
997 2513 1045 2582 20,

92 2633 122 2672 n.
139 2617 167 2685 4,
184 2615 244 2684 dc,
267 2631 292 2671 c.
313 2616 361 2686 23,
386 2630 416 2670 n.
433 2616 467 2685 33
488 2611 642 2684 Wmenus,
664 2631 690 2688 q.
709 2613 774 2681 lll,
790 2628 819 2668 n.
836 2612 883 2670 11.
923 2608 964 2666 Et
978 2628 1045 2666 saue

92 2711 209 2772 omnino
236 2711 388 2790 adaequata
414 2716 458 2772 est
482 2710 586 2771 divisio
606 2710 637 2768 iu
666 2711 789 2786 gratiam
811 2727 877 2786 qnae
904 2707 1046 2784 praevenit

91 2833 165 2889 opus
187 2817 217 2872 et
240 2832 303 2872 eam
330 2831 396 2890 quaa
419 2810 580 2882 comitatur,
606 2809 765 2870 secundum
793 2807 952 2866 orationem
979 2823 1044 2883 quae

91 2912 201 2972 litaniis
216 2917 379 2972 sanctorum
394 2911 581 2991 subjungitur
592 2914 662 2970 :—“
673 2908 811 2969 Actiones
823 2911 946 2981 nostras,
964 2924 1042 2984 quee-

92 3032 193 3072 sumus
219 3011 354 3086 Domine,
377 3011 530 3090 aspirando
554 3009 683 3088 praeveni
707 3013 737 3068 91
760 3006 924 3086 adjuvando
946 3023 1042 3084 prose-

91 3132 189 3190 quere,
210 3118 245 3171 ut
266 3117 371 3171 cuncta
393 3116 491 3170 nostra
518 3109 608 3169 oratio
630 3114 660 3168 et
680 3107 807 3185 operatio
832 3127 849 3165 a
875 3110 904 3165 te
931 3123 1043 3181 semper

91 3213 213 3292 incipiat
222 3220 251 3273 et
263 3233 314 3291 per
323 3216 351 3272 19
362 3217 456 3290 coepta
466 3211 586 3272 finiatur
594 3211 622 3285 ;'’
639 3215 669 3270 91
681 3210 770 3269 verba
784 3209 813 3268 S.
824 3206 918 3279 Pauli,
936 3206 1042 3265 “Deus

91 3320 135 3372 est
158 3312 236 3372 euim
261 3312 312 3389 qui
334 3315 470 3389 operatur
496 3311 527 3370 in
555 3309 638 3370 vobis
666 3312 696 3368 et
719 3307 795 3367 velle
821 3311 851 3366 et
874 3305 1040 3382 perficere,”

90 3412 197 3490 Philip.
212 3412 241 3472 ii.
260 3417 304 3470 13.

131 3513 311 3572 au-vlss.
334 3512 435 3572 Gratia
461 3510 621 3570 habitualis
648 3509 705 3566 9119
734 3511 778 3566 991
800 3505 906 3582 prima,
935 3522 1001 3580 quae
1023 3523 1040 3560 9

90 3619 237 3693 peccatore
256 3613 371 3688 justum
385 3610 474 3683 faoit;
497 3609 555 3668 alia
568 3609 696 3681 coeundo,
713 3623 779 3683 quae
794 3608 837 3664 est
851 3606 1039 3680 augmentum

89 3715 188 3792 gratiae
202 3711 360 3772 habitualis
370 3711 431 3788 jum
445 3709 561 3770 habitae.
