2402 4292
153 409 218 474 294
523 392 579 457 Dc
597 392 733 458 Gratia.
927 395 1035 480 [urse.
1060 413 1135 457 vni.

152 559 246 630 cedat,
261 559 336 618 ullor
348 559 475 618 resistat.
514 559 595 618 Huic
617 562 773 636 systemati
792 563 969 620 nullomodo
983 567 1134 636 repugnat

150 663 229 738 qnod
239 662 452 738 J'amdiximns
470 683 501 719 ιι.
520 666 596 720 129:
619 663 678 720 imo
693 664 721 720 ei
735 666 852 739 integre
876 667 1032 734 consonat,
1045 667 1083 719 nt
1095 683 1133 720 ex

150 763 248 836 dictis,
274 784 304 822 ιι.
330 769 379 832 93,
406 774 499 840 patet.
541 765 608 822 atsi
630 785 699 822 vero
723 766 787 841 ipse
808 768 936 824 Motum
959 765 1130 824 doctrinam

149 861 231 920 illam
253 863 296 938 (u.
324 863 394 939 129)
417 863 540 920 nonita
561 863 690 920 dilucide
711 864 842 939 explicet
857 869 889 922 et
901 865 1024 923 evolvat
1040 863 1131 939 (qnia

140 962 256 1032 'somam
270 963 324 1020 illa
337 963 498 1039 supposita,
519 965 552 1020 iu
572 983 605 1021 eo
626 964 706 1039 quod
719 964 769 1021 sui
782 965 956 1040 systematis
969 963 1129 1040 proprium

149 1065 180 1120 et
193 1062 354 1139 principale
367 1063 427 1122 fuit
440 1063 572 1138 urgendo
586 1064 658 1121 adeo
672 1067 754 1121 totus
768 1064 984 1140 detinebatur),
1000 1062 1129 1120 minime

149 1163 251 1220 dubito
266 1163 339 1238 quin
354 1182 418 1220 eam
430 1163 558 1220 firmiter
569 1166 708 1233 tenuerit,
721 1167 759 1234 et,
777 1163 803 1221 si
816 1165 907 1222 bodie
920 1164 1047 1234 viveret,
1059 1165 1127 1238 post

149 1265 196 1319 tot
209 1261 433 1337 disceptationes
443 1262 567 1332 habitas,
583 1263 701 1319 claruet
713 1262 774 1320 late
784 1267 997 1338 propugnaret.

194 1364 259 1418 131.
281 1361 356 1418 Dixi
369 1381 465 1437 supra,
490 1381 519 1418 n.
546 1365 612 1431 130,
636 1361 704 1418 “ad
727 1361 817 1419 ἃιιειιι
841 1362 876 1420 iu
897 1382 989 1438 quem
1003 1364 1123 1422 datur.”

151 1461 232 1520 Fieri
253 1467 350 1537 potest
373 1469 408 1519 ut
432 1462 508 1538 quis,
533 1463 617 1538 gravi
643 1463 808 1520 tentatione
832 1464 1040 1539 impugnatus,
1064 1485 1124 1523 non

151 1563 259 1620 babeat
282 1563 408 1636 gratiam
431 1563 565 1638 proxime
586 1561 779 1619 sufficientem
793 1563 910 1620 adeam
932 1564 1122 1624 vincendam.
1193 1617 1194 1620 ,

153 1663 255 1722 Habet
275 1669 374 1720 autern
389 1663 514 1738 gratiam
530 1662 665 1740 proxime
689 1662 884 1720 sufficientem
906 1664 945 1721 ad
968 1665 1121 1736 orandum,

154 1779 221 1840 qnoe
244 1767 344 1820 tamen
367 1781 428 1820 non
451 1767 496 1820 est
513 1762 668 1832 sufficiens,
692 1769 723 1820 et
744 1781 834 1821 seusu
857 1762 1025 1822 Moliniauo
1045 1766 1080 1823 in
1094 1785 1123 1823 ae

154 1862 257 1920 efficax
267 1861 481 1936 (nisiremote),
495 1862 636 1937 adipsum
644 1861 841 1919 tentationem
850 1861 1120 1939 comprimendam:

91 1999 97 2010 ·
155 1959 238 2018 adid
253 1959 330 2017 enim
344 1979 403 2018 non
417 1961 602 2018 datur-nisi
615 1963 739 2020 remoto.

198 2065 264 2120 132.
286 2061 344 2118 His
358 2062 537 2137 prehabitis,
562 2081 662 2121 censeo
684 2063 740 2122 IV.
763 2065 894 2139 systema
913 2063 1118 2136 Molinianun,

157 2159 290 2238 apposita
310 2161 548 2237 interpretatione
568 2162 633 2238 jam
651 2163 728 2234 data,
753 2181 814 2220 esse
834 2163 958 2221 omnino
982 2169 1014 2222 et
1036 2165 1119 2222 unice

157 2281 269 2332 verum,
285 2265 315 2319 et
328 2281 366 2318 cx
379 2264 458 2319 omui
480 2267 562 2337 parte
586 2281 705 2338 prorsus
727 2261 970 2338 inexpugnabile.
1014 2267 1119 2323 Censeo

159 2366 278 2440 insuper
299 2363 461 2421 doctrinam
481 2363 572 2439 hujus
597 2361 763 2438 systematis
785 2382 851 2421 eam
873 2383 937 2422 esse
959 2365 1035 2441 (fere
1048 2364 1118 2434 dixi,

159 2483 224 2525 eam
251 2464 341 2521 solam
365 2464 450 2538 esse),
475 2481 550 2538 quae,
581 2463 678 2520 debito
702 2462 788 2520 modo
810 2462 971 2538 explicata,
999 2484 1117 2540 semper,

160 2565 280 2641 ubique,
297 2563 410 2621 cunctis
433 2561 577 2630 fidelibus,
603 2560 697 2618 doctis
713 2565 743 2618 et
766 2559 904 2631 indoctis,
924 2561 1020 2638 justis
1034 2567 1063 2621 et
1076 2562 1118 2620 in-

157 2664 258 2742 justis,
274 2663 422 2722 tutissime
436 2667 466 2720 et
480 2660 711 2720 fructuosissime
719 2660 874 2736 praedicari
886 2665 997 2736 potest.

206 2769 272 2822 133.
296 2765 377 2834 Qaae,
401 2783 454 2840 per
477 2764 598 2820 modam
620 2761 799 2834 syutbeseos,
825 2780 863 2818 cx
887 2761 1071 2820 Touaamo
1092 2763 1118 2818 et

164 2863 230 2924 aliis
248 2865 358 2940 profert
381 2865 588 2922 Bassanitae
603 2865 671 2932 435,
686 2879 747 2917 non
769 2864 830 2917 tarn
852 2861 891 2918 ad
915 2865 1118 2936 argumentum

163 2981 298 3041 praesens,
313 2981 419 3037 magna
439 2962 540 3020 saltem
554 2964 696 3036 exparte,
718 2959 869 3036 pertinent
883 2979 975 3036 quam
989 2962 1027 3018 ad
1040 2980 1118 3036 arga-

165 3067 297 3122 mcutum
311 3061 346 3121 dc
361 3062 567 3120 distributione
580 3060 692 3137 gratiae.
734 3057 792 3116 Sed
805 3057 841 3116 de
854 3058 902 3116 his
916 3061 1055 3118 omnibns
1064 3059 1118 3136 jan

165 3163 244 3226 satis.
