2410 4314
190 414 232 462 no
412 463 419 474 ,
556 391 614 458 De
637 388 769 458 Gratia
981 387 1091 476 [nise.
1111 410 1146 453 ιι.

186 559 297 619 tionem
308 556 341 617 in
352 555 401 617 bis
412 557 556 632 omnibns,
568 578 636 636 quae
649 558 687 618 ad
698 555 969 635 mammem,
980 561 1146 634 quantum,

198 661 273 718 uxta
284 657 478 718 conditionem
498 659 545 717 sui
566 665 661 718 statua
673 664 704 718 et
715 663 837 728 mum,
854 655 915 714 illis
929 655 1144 732 expediebat.”

187 756 264 819 Ibid.
280 776 309 816 n.
327 761 355 816 Β.

230 860 277 918 19,
297 855 340 916 4⁰.
361 856 474 916 Horum
497 857 629 918 omnium
648 858 798 928 donomm,
817 855 902 934 qnasi
914 873 1019 914 oomna
1031 858 1064 914 et
1078 874 1146 932 per-

188 956 345 1016 {eotionnm
371 957 558 1034 perfectione,
587 957 807 1017 immortalitate
833 958 937 1014 ouotns
962 959 1009 1014 est
1037 955 1147 1013 Adam.

189 1055 254 1122 Quo
274 1075 360 1116 sensu
381 1063 411 1116 et
433 1056 518 1115 modo
536 1062 652 1116 enarrat
670 1057 748 1116 idem
767 1057 875 1114 Dootor
889 1053 1024 1126 eximius,
1050 1073 1078 1114 o.
1098 1059 1144 1112 14.

191 1159 211 1188 ‘⁴
224 1154 320 1214 Primo
341 1175 409 1232 ergo
429 1155 554 1216 dicimus
573 1155 722 1215 adamum
741 1154 833 1214 fuisse
855 1153 954 1232 aliquo
976 1153 1065 1212 modo
1091 1153 1143 1210 im-

189 1253 349 1328 mortalem,
374 1253 406 1314 id
427 1259 480 1326 est,
494 1254 623 1332 potuisse
643 1273 795 1332 nunquam
817 1252 899 1324 mori,
923 1251 949 1310 si
967 1251 1068 1322 vellet,
1095 1271 1145 1309 seu

190 1371 338 1431 nunquam
368 1353 458 1414 tuisse
481 1354 666 1428 moriturum,
694 1354 799 1414 sinon
822 1355 974 1429 peccasset.
1017 1352 1087 1410 Hoo
1111 1351 1145 1409 de

189 1451 246 1512 fide
258 1453 417 1512 tenendum
426 1459 479 1514 est.
511 1453 660 1514 Probatur
666 1453 761 1532 primo
770 1471 809 1512 ex
820 1451 977 1528 Scriptura,
994 1449 1104 1510 Genes.
1114 1449 1143 1508 ii.

191 1553 247 1612 ‘In
276 1571 461 1632 quocumque
488 1553 535 1614 die
561 1553 719 1614 comederis
745 1573 784 1614 ex
807 1571 849 1620 eo,
873 1556 966 1610 morte
989 1549 1143 1610 morieris!

189 1651 284 1718 Quem
305 1652 401 1712 looum
421 1653 457 1713 de
476 1657 569 1714 morte
590 1653 694 1713 animm
708 1651 845 1729 Pelagius
864 1641 1077 1728 interpretatus
1092 1654 1143 1720 est,

190 1751 260 1830 quia
272 1752 366 1812 Adam
381 1753 412 1812 in
427 1753 484 1828 die,
507 1753 540 1813 in
553 1773 612 1832 qua
630 1753 774 1831 paoouvit,
788 1771 848 1810 non
869 1749 967 1810 statim
981 1751 1143 1810 seeundum

190 1869 294 1928 mrpus
307 1855 505 1926 montensem,
521 1853 571 1912 sed
585 1857 702 1912 tantum
715 1851 872 1912 seeundum
886 1849 1026 1909 animam.
1048 1893 1056 1908 .
1081 1895 1090 1910 .
1114 1893 1121 1906 .
1138 1893 1144 1907 .

189 1949 395 2011 Nihilominus
422 1955 501 2012 oerta
526 1951 584 2011 fide
617 1953 776 2013 tenendum
803 1961 857 2022 est,
887 1949 1143 2010 comminationem

190 2049 271 2112 illam
286 2052 374 2114 tuisse
388 2053 424 2112 de
438 2057 528 2114 morte
542 2054 668 2131 eorporis
670 2097 828 2116 ......
849 2052 984 2130 Denique
1004 2072 1143 2129 expresse

190 2149 221 2210 id
243 2153 367 2212 testatur
388 2151 545 2230 Apostolus
567 2153 604 2212 ad
624 2153 709 2214 Rom.
732 2171 769 2226 ιι,
796 2153 914 2212 dicens:
947 2152 1024 2210 ‘Per
1046 2171 1139 2210 unum

190 2249 335 2312 bominem
347 2256 498 2330 poooatum
517 2251 549 2312 in
562 2253 642 2312 buno
656 2253 798 2312 mundum
811 2251 943 2325 intravit,
965 2256 995 2310 et
1007 2269 1062 2328 per
1075 2269 1140 2328 peo-

189 2359 285 2410 ontum
300 2369 375 2410 mors
388 2351 404 2412 τ’
430 2351 481 2412 ubi
495 2356 594 2430 operte
614 2353 740 2430 explieat
752 2350 1004 2412 comminationem
1018 2349 1142 2409 Genesis

190 2447 225 2508 do
244 2457 335 2512 morto
351 2451 500 2529 oorporali,
523 2471 589 2530 quoe
611 2452 673 2511 sine
689 2455 805 2530 peooato
818 2451 849 2510 in
863 2450 1006 2510 mundum
1019 2468 1080 2508 non
1094 2449 1139 2507 in-

189 2551 300 2610 trasset.
334 2550 374 2610 Et
386 2550 451 2611 ideo
462 2570 524 2629 aap.
540 2551 590 2625 vi,
607 2550 688 2610 addit
704 2571 711 2610 ε
736 2551 906 2628 ‘Stipendia
919 2547 1029 2628 peceati
1043 2567 1138 2622 mors,

189 2647 284 2726 gratia
305 2655 404 2710 autem
429 2649 484 2710 Dei
505 2650 567 2710 vita
593 2650 722 2712 aetornaf
764 2650 847 2711 Siout
869 2670 937 2728 ergo
959 2650 1022 2709 sine
1044 2648 1139 2724 gratia

190 2747 347 2826 oompnrari
361 2768 418 2810 non
432 2752 528 2828 potest
541 2749 603 2811 vita
617 2754 733 2822 aterna,
754 2748 796 2810 ita
809 2768 862 2810 neo
875 2769 951 2808 mors
964 2747 1098 2820 intraret,
1115 2746 1139 2806 si

189 2851 338 2924 poooatum
354 2867 412 2908 non
427 2848 538 2920 suisset,
556 2849 626 2908 &o.'’

229 2945 296 3006 ⁴⁵20.
325 2947 457 3008 Dioimus
485 2949 609 3009 aooundo
634 2947 810 3008 “hominem
838 2967 897 3008 non
917 2946 1053 3007 habuisse
1072 2951 1137 3005 ante

188 3051 338 3124 peecatum
352 3047 521 3120 naturalem,
537 3053 571 3107 ut
585 3048 627 3107 ita
639 3047 741 3120 dioam,
761 3046 1018 3120 immortalitatem,
1041 3065 1137 3123 neque

189 3145 347 3224 gratuitam
365 3146 456 3222 illam,
480 3166 545 3224 qum
564 3147 730 3226 corporibus
743 3147 875 3223 gloriosis
889 3146 1074 3218 tribueretur,
1089 3146 1137 3206 sed

188 3243 285 3324 potius
298 3265 336 3307 ox
350 3246 380 3306 vi
395 3265 454 3306 sum
471 3245 635 3308 intrinsecae
656 3245 871 3324 compositionis
890 3251 920 3306 et
940 3243 1137 3323 dispositionis

188 3343 276 3406 fuisse
296 3346 456 3420 mortalem,
479 3345 550 3406 linet
570 3365 606 3406 ex
627 3345 700 3406 dono
715 3345 771 3406 Dei
785 3347 902 3407 futurus
915 3345 1019 3407 fuisset
1033 3365 1137 3423 expers

188 3443 297 3520 mortis,
320 3465 353 3506 aa
375 3445 499 3506 subinde
520 3444 618 3522 aliquo
638 3447 721 3506 modo
740 3445 921 3519 immortalis,
943 3445 968 3505 si
989 3465 1047 3505 non
1067 3464 1134 3523 peo-

187 3547 285 3606 oussot
322 3543 370 3606 sto
384 3544 461 3606 dixit
475 3543 677 3622 Augustinus:
702 3545 812 3605 ‘Aliud
826 3549 941 3606 estnon
957 3564 1038 3623 possa
1052 3545 1133 3616 mori,

188 3641 263 3706 siout
277 3643 415 3723 quasdam
429 3649 549 3706 naturae
569 3642 745 3706 immortales
762 3645 872 3706 creavit
885 3645 975 3718 Deus,
995 3643 1074 3705 aliud
1092 3651 1135 3706 est
