2410 4318
19 439 126 484 mor.
148 419 234 503 vm]
325 417 381 481 De
398 415 521 481 Gratia
535 415 634 503 Effic.
651 415 810 502 etSuffic.
947 436 1006 499 197

71 585 127 644 17.
163 585 188 643 J
190 601 305 642 cmvero
331 582 401 642 adeo
427 559 595 660 frequenter
620 583 653 642 in
681 579 831 660 Scriptura
855 585 1010 642 occurrunt

21 689 205 761 praecepta,
221 683 404 756 monitiones,
428 685 524 757 minae,
542 689 592 744 dio.
609 685 645 744 ad
666 686 776 743 bonum
796 684 961 743 faciendum
980 693 1010 743 et

23 785 155 844 malum
171 785 357 862 fugiendum,
368 785 405 844 cd
417 785 479 845 haec
493 789 523 845 et
531 786 583 844 ille
593 804 678 862 opera
689 785 826 844 salutaria
836 785 1007 862 praestanda,

25 887 69 946 ad
83 888 158 948 haec
178 893 210 948 et
223 888 276 947 ills
288 892 407 965 peccata
420 891 450 947 et
463 887 624 947 occasiones
637 893 820 965 peccatorum
834 886 962 960 vitanda,
975 891 1010 947 ut

26 1005 95 1045 non
112 991 164 1048 est
180 1007 253 1066 opus
275 986 410 1065 exemplo
434 987 569 1065 proferre.
611 987 711 1048 Unum
726 990 756 1046 et
770 989 894 1047 alterum
913 991 1010 1047 tumen

29 1085 192 1148 dabimus.

77 1191 100 1220 “
115 1186 263 1266 Projicite
285 1207 302 1247 s
328 1187 411 1247 vobis
442 1207 541 1247 omnes
563 1185 817 1264 praevericetiones
839 1189 956 1260 vestros,
977 1185 1009 1246 in

34 1285 156 1362 quibus
180 1287 365 1366 praevaricati
385 1286 474 1347 estis:
506 1291 536 1347 et
558 1287 646 1346 facite
667 1287 751 1347 vobis
778 1307 826 1346 cor
851 1307 959 1348 novum
980 1298 1010 1346 et

36 1385 334 1468 spiritnmnovum.”
357 1386 465 1446 Erech.
480 1385 564 1446 xviii.
580 1390 625 1445 31.

82 1495 103 1525 “
116 1484 318 1548 Poenitemini
331 1485 432 1561 igitur,
448 1489 478 1545 ct
491 1485 703 1560 convertimini,
725 1487 760 1545 ut
780 1485 929 1546 delcentnr
942 1505 1007 1563 pec·

39 1594 109 1651 csta
122 1587 252 1650 vestru'’
273 1589 341 1648 Act.
355 1587 399 1647 iii.
415 1591 461 1646 19.

85 1693 214 1768 “Surge
227 1690 281 1768 qui
295 1689 411 1761 dormis,
426 1693 455 1748 et
470 1707 594 1764 exsurge
615 1708 632 1747 a
651 1687 783 1761 mortuis,
808 1692 838 1748 et
859 1686 1007 1746 illumina·

45 1790 94 1851 bit
107 1794 139 1852 te
155 1787 321 1850 Christus.''
343 1788 451 1865 Ephes.
467 1807 496 1847 r.
513 1791 559 1846 14.

88 1895 136 1949 18.
159 1891 373 1948 Anounnunun
388 1888 430 1947 11.
453 1889 501 1946 Ex
515 1887 606 1946 simili
619 1907 675 1946 usu
687 1885 826 1964 loquendi
839 1885 1005 1956 universali,
1046 1933 1047 1936 ,

45 1993 198 2068 perpetuo,
215 1987 355 2060 absoluto,
368 1986 607 2064 quotiescumque
621 1987 708 2045 alicui
721 1986 892 2063 proponitur
905 1983 1007 2050 electio

46 2074 207 2160 interduo,
222 2108 335 2166 semper
356 2089 529 2165 supponitur
543 2107 610 2148 eum
629 2087 754 2146 liberum
774 2107 835 2147 esse
849 2087 885 2145 sd
899 2086 1006 2145 ulteru-

49 2196 129 2248 trum
155 2189 329 2264 eligendum,
357 2191 388 2247 et
411 2189 441 2245 id
468 2189 545 2264 quod
572 2187 656 2264 eligit
682 2207 749 2246 eum
776 2185 892 2245 omnino
915 2186 1006 2245 libere

51 2289 167 2364 eligere.
207 2287 319 2364 Saepiue
333 2291 431 2346 sutem
444 2286 476 2344 in
491 2287 642 2363 Scriptura
654 2286 821 2344 hominibus
835 2305 852 2344 s
864 2285 925 2344 Deo
939 2305 1005 2361 pro·

51 2389 169 2465 ponitur
182 2388 284 2448 electio
305 2387 382 2446 inter
405 2389 513 2446 bonnm
527 2392 558 2446 et
570 2387 690 2445 malum.
732 2386 809 2461 Ergo
830 2386 881 2462 qui
894 2385 1007 2460 eligunt

52 2489 160 2547 bonum
174 2487 217 2564 (et
229 2487 304 2558 ideo,
325 2487 357 2545 ri
375 2486 505 2557 termini,
531 2486 671 2544 habentes
695 2484 819 2559 gretiam
840 2484 1004 2560 efficacem),

53 2589 128 2647 illud
140 2588 226 2648 libere
247 2588 361 2664 eligunt
381 2591 411 2648 et
431 2587 555 2646 faciunt.
597 2587 695 2646 Minor
714 2586 855 2662 probetur
868 2603 904 2644 ex
918 2585 1007 2643 variis

55 2689 132 2748 locis.

98 2793 116 2820 “
128 2788 223 2848 Testes
235 2788 337 2848 invoco
361 2787 446 2847 hodie
471 2788 577 2847 coelum
592 2790 622 2846 et
635 2790 752 2859 terrum,
778 2786 856 2863 quod
870 2804 1006 2862 proposu-

58 2886 127 2946 erim
150 2886 343 2947 vobis'vitcm
363 2892 393 2946 et
415 2893 547 2959 mortem,
569 2884 801 2946 benedictionem
822 2889 851 2945 et
870 2884 1007 2944 moledic-

59 2987 169 3046 tionem.
208 2986 293 3063 Elige
307 3005 375 3062 ergo
387 2987 489 3060 ritem,
500 2991 535 3046 ut
549 2989 578 3046 et
592 2989 627 3046 tu
640 2985 724 3047 vivas
738 2987 768 3044 et
782 3003 879 3044 semen
890 2981 1006 3045 tuum.’'

61 3086 208 3146 Deuteron.
222 3105 297 3147 xxx.
316 3089 361 3146 19.

100 3187 205 3248 “Nunc
228 3206 295 3264 ergo
319 3185 419 3246 timete
439 3187 607 3261 Dominum,
631 3189 662 3247 et
685 3185 793 3246 servite
813 3185 849 3246 ei.
881 3228 889 3245 .
921 3227 929 3245 .
959 3229 967 3246 .
1000 3206 1007 3224 ·

66 3285 113 3346 din
125 3289 214 3347 sutem
226 3287 336 3347 melum
350 3287 432 3347 vobis
445 3287 562 3346 videtur
575 3291 611 3348 ut
624 3286 749 3346 Domino
770 3285 910 3358 servistis,
927 3283 1006 3361 optio

66 3385 250 3448 vobisdctur:
273 3387 373 3464 eligite
385 3386 471 3446 hodie
491 3386 570 3464 quod
592 3387 718 3464 placet,''
735 3387 784 3444 &c
806 3386 907 3457 Josue,
922 3383 1008 3443 xxiv.

71 3489 166 3557 14,15.
921 3501 922 3504 ’

105 3589 145 3644 19.
171 3585 382 3646 Aneonnrsrun
404 3586 468 3646 III.
499 3585 531 3646 si
553 3587 639 3644 homo
664 3582 834 3644 necessitate
861 3585 1004 3660 ageretur,

69 3703 156 3745 verum
167 3689 237 3747 esset
250 3704 317 3747 eum
342 3685 466 3748 “veluti
488 3684 617 3745 inanimo
637 3684 781 3762 quoddam
801 3680 1007 3742 nihilomnino
