2408 4304
164 348 227 414 374
539 324 595 389 De
612 323 746 390 Gratia.
995 326 1096 412 [mer.
1110 348 1140 392 χ,

166 515 265 558 eorum
288 492 502 554 conversionem
523 492 560 550 ad
581 492 670 550 fidem
693 495 746 552 aut
768 492 863 552 etiam
885 491 977 552 initia
1001 493 1142 571 ejus-de

167 594 308 674 ejusmodi
322 593 399 654 enim
412 593 547 670 operibus
559 591 608 649 hio
628 591 687 649 solo
701 592 832 669 quaestio
847 596 904 662 est,
920 595 959 651 ut
972 597 1062 670 patet
1075 614 1112 652 ex
1125 595 1143 654 i.

169 699 273 756 18-32.
316 694 410 770 Opera
433 696 531 752 autem
552 689 629 749 faeta
650 694 718 750 ante
739 691 833 750 fidem
858 695 892 752 et
906 691 998 752 initia
1024 694 1142 771 ejusex

165 796 222 854 fido
246 813 314 853 sane
326 779 413 852 'faeta
435 811 494 850 nou
518 792 588 850 sunt
600 791 652 850 aut
673 808 710 848 ex
724 790 823 865 gratia
847 791 1009 853 elevante:
1037 793 1100 853 imo
1112 813 1142 854 ea

166 895 340 972 plerumque
361 896 478 970 peooata
498 889 588 950 fuisso
602 909 640 949 ox
655 889 757 949 eodem
779 890 844 949 looo
867 891 1076 954 manifestum
1090 899 1140 964 ast,

166 997 197 1054 et
210 992 303 1053 exiii.
316 997 344 1065 9,
362 994 490 1052 &o.:-“
501 989 619 1050 causati
634 989 712 1048 enim
723 1009 825 1049 sumus
837 992 858 1050 J
859 991 967 1052 udaeos
981 995 1013 1052 et
1024 993 1141 1053 amoos

168 1112 267 1152 omnes
291 1093 344 1151 sub
358 1093 475 1170 peecato
496 1089 595 1149 esse:'’
621 1091 671 1150 too.
712 1088 782 1148 Nou
801 1109 891 1166 opera
904 1093 1092 1165 Judaeum,
1107 1094 1140 1152 ob

169 1193 284 1254 easdem
296 1194 431 1264 rationes,
448 1194 478 1249 et
491 1189 640 1266 speciatim
654 1189 690 1248 ob
704 1188 784 1249 diota
796 1189 828 1248 ii.
847 1190 895 1262 17,
911 1193 966 1252 &a
1004 1194 1138 1270 Insuper,

168 1293 187 1352 J
188 1293 265 1352 udaei
280 1292 323 1370 (n.
340 1292 392 1370 71)
406 1309 492 1367 opera
502 1309 555 1348 sue
565 1293 706 1366 tanquam
716 1289 843 1348 valorem
855 1292 1020 1367 quemdam
1031 1292 1136 1352 intrin-

168 1413 265 1454 secum
278 1393 309 1452 iu
323 1393 422 1451 ordine
435 1392 472 1450 ad
481 1390 720 1470 justificationem
741 1391 889 1464 habentia,
906 1397 1035 1470 propter
1049 1393 1133 1470 origi·

167 1516 235 1556 nem
246 1497 281 1554 ab
292 1495 408 1554 Abraba
418 1495 543 1565 duotam,
555 1493 756 1554 estimabant:
772 1512 840 1552 oum
849 1493 934 1552 valor
946 1494 1004 1554 ille
1017 1515 1134 1572 prorsus

168 1598 267 1656 nullus
280 1599 362 1669 esset,
379 1595 500 1674 ejusque
514 1592 668 1654 estimatio
681 1592 739 1653 ista
752 1612 832 1652 error
850 1599 927 1670 esset
940 1595 1033 1656 valde
1047 1595 1132 1656 exiti-

167 1698 230 1758 alis.

209 1799 256 1860 74.
279 1797 311 1856 Si
334 1796 465 1874 objicias,
486 1796 506 1856 J
506 1796 612 1870 udoeos,
628 1795 730 1854 saltam
742 1795 833 1854 bonos
853 1797 883 1855 et
896 1795 973 1874 pios,
988 1816 1093 1857 veram
1105 1801 1131 1858 et

167 1897 266 1956 vivam
278 1896 414 1957 habuisse
427 1897 513 1956 fidem
533 1895 564 1955 in
577 1895 714 1956 Moesiam
727 1899 896 1969 venturum,
913 1900 944 1956 et
953 1896 1129 1974 justificatos

168 1999 364 2171 stuza-RQ
393 2095 441 2154 Ita
466 2092 585 2170 quidem
609 2111 639 2152 se
665 2111 711 2152 rea
737 2047 844 2152 habuit
867 2095 937 2152 ante
965 2094 1123 2155 Obiiatum.
1191 2103 1192 2111 ’

169 2193 254 2253 “Sed
268 2212 333 2252 oum
349 2193 481 2254 Christus
494 2191 585 2265 veuit,
601 2195 672 2251 tuno
685 2192 704 2251 J
707 2191 781 2251 odei
791 2192 868 2252 hano
878 2192 970 2252 fidem
984 2193 1020 2253 in
1033 2195 1124 2256 curie

168 2297 233 2353 tum
254 2293 420 2365 amiserunt,
437 2297 467 2352 et
480 2291 543 2352 sino
562 2291 620 2350 fide
635 2290 754 2363 Christi,
770 2311 858 2368 quem
879 2293 1011 2370 recipere
1030 2296 1123 2354 nolue-

167 2398 246 2468 runt,
269 2397 453 2454 asseruerunt
467 2393 523 2453 sibi
546 2392 642 2452 deberi
653 2392 802 2471 justitiam
826 2395 1023 2472 exoperibus
1044 2396 1121 2472 legis,

167 2500 241 2572 puta
254 2514 292 2554 ex
305 2493 530 2565 circumcisione,
547 2496 599 2554 &a
622 2539 629 2554 .
652 2536 659 2552 .
682 2539 689 2552 .
711 2493 816 2570 Itaque
830 2493 978 2569 ajustitia
992 2500 1023 2556 et
1035 2496 1123 2556 sainte

168 2593 369 2656 exoiderunt.”
410 2596 438 2652 A
451 2593 565 2652 Lusum
579 2592 610 2651 in
623 2591 666 2653 iii.
684 2596 732 2653 28.
775 2593 882 2652 “Ante
897 2593 1010 2653 Chiisti
1023 2596 1124 2654 adven·

168 2699 232 2753 tum
245 2695 264 2755 J
265 2694 341 2753 udoei
354 2693 447 2769 legem
461 2693 606 2752 habebant
616 2711 682 2763 oum
697 2713 746 2770 spe
760 2693 875 2752 Messiae
890 2693 1020 2767 venturi,
1030 2694 1123 2772 itaque
1189 2709 1190 2749 i

168 2819 234 2859 oum
247 2799 305 2860 fide
318 2801 348 2859 ot
361 2797 473 2874 gratia:
496 2798 546 2857 sed
561 2801 627 2874 post
641 2796 749 2856 christi
769 2797 940 2870 adventum,
956 2817 1048 2876 quum
1061 2818 1121 2858 eum

168 2899 331 2978 rejicerent,
347 2917 406 2957 non
429 2901 579 2976 supererat
591 2896 663 2974 ipsis
685 2897 744 2955 nisi
763 2916 843 2956 mera
860 2897 912 2956 lex
926 2897 990 2958 sina
1003 2899 1122 2974 gratia”
1188 2913 1189 2920 ’

169 3001 292 3059 Bassus
315 2997 346 3056 in
360 2997 403 3058 iii.
418 3002 466 3057 20.
510 2995 667 3074 Opiniones
689 2996 749 3056 illae
770 2997 806 3056 de
829 2996 1058 3072 circumsisione,
1075 3002 1118 3058 &a

169 3100 239 3160 adeo
253 3098 422 3158 inveterata
442 3097 532 3168 fuere,
548 3100 654 3155 utnon
674 3095 766 3155 solum
787 3096 908 3155 Judaeos
927 3101 1061 3158 tenerent
1073 3097 1118 3176 qui

170 3197 320 3259 Christum
330 3196 456 3274 recipere
468 3195 635 3268 noluerunt,
647 3196 794 3256 sedetiam
808 3214 963 3256 conversos
976 3197 1015 3255 ad
1029 3197 1117 3256 Chris·

167 3303 240 3371 tum,
257 3301 286 3358 et
300 3298 398 3356 Romae
413 3298 443 3356 et
457 3294 536 3367 aiibi,
552 3295 620 3373 plus
632 3295 730 3355 minus
743 3295 903 3356 inficerent.
926 3297 972 3356 Do
987 3296 1114 3368 Eodesia

167 3400 204 3460 D.
219 3404 247 3471 6,
262 3419 292 3460 n.
308 3403 375 3470 355,
392 3400 442 3458 &a

209 3503 256 3562 76.
279 3502 362 3560 Idem
378 3501 420 3578 (n.
435 3501 485 3579 73)
497 3502 609 3560 oonstat
620 3501 663 3562 2⁰.
685 3502 716 3563 S.
728 3500 837 3560 Paulus
845 3500 965 3560 Judaeoe
975 3500 1112 3579 alloquens

170 3600 239 3662 fidei
266 3601 386 3680 opponit
413 3621 500 3680 opera
522 3601 599 3679 ἱερὴ,
623 3600 682 3663 io.
705 3600 780 3677 legis
803 3600 937 3660 Judaieae
960 3600 1063 3660 diserte
1085 3603 1110 3659 et

1181 3783 1186 4025 i
