2402 4292
16 419 138 464 Drsr.
162 357 235 484 rx]
305 398 361 463 De
375 398 514 462 Natura
529 403 562 463 et
583 397 629 464 Vi
643 398 737 466 Grai.
754 399 871 465 Haut.
961 420 1024 480 3¹9

24 583 71 624 se
107 585 184 626 esse
205 565 404 644 justificatum
428 565 517 626 stiam
540 567 716 628 credendum
736 585 797 628 esse
824 585 853 626 se
880 585 942 626 esse
968 565 1025 625 sel-

31 665 208 725 vandum.

88 766 149 826 47.
179 767 276 836 “Quo
286 783 355 824 roro
369 764 474 825 melius
484 768 774 843 cognoscaturnexus
783 766 888 826 harum
897 766 1027 844 proprie·

35 869 159 926 tatum
171 863 396 942 justificationis
409 884 476 924 cum
494 865 616 943 reliquis
636 866 729 926 totius
742 885 843 925 eorum
863 864 1028 943 systematis

39 965 213 1043 partibus,
229 965 421 1024 revocandum
439 965 471 1023 in
485 971 612 1025 mentem
633 971 677 1025 est
691 969 784 1024 totum
805 964 954 1042 negotium
964 963 1029 1039 J‘us·

42 1063 238 1126 tificationis
251 1083 268 1123 a
281 1064 344 1125 Deo
364 1064 424 1123 solo
445 1065 540 1125 activo
560 1065 662 1142 peragi
681 1065 714 1124 in
731 1063 858 1135 homine,
874 1063 926 1141 qui
939 1063 1029 1140 passi·

46 1185 119 1224 vus
148 1168 207 1224 est.
249 1164 358 1223 Eadem
382 1183 467 1241 porro
494 1164 616 1234 ratione,
645 1184 704 1240 qua
728 1165 808 1223 Deus
831 1163 909 1222 solus
936 1161 1030 1238 eoepit

47 1251 318 1342 justificationem,
332 1263 492 1341 injiciendo
515 1265 546 1322 in
570 1264 717 1322 hominem
735 1263 831 1336 fidem,
849 1281 906 1339 qua
929 1281 1030 1338 uppre-

52 1364 211 1425 henditur
223 1363 419 1423 misericordia
438 1368 490 1422 aut
500 1363 621 1442 justitia
636 1361 746 1422 Christi
764 1361 950 1439 imputative,
965 1381 1030 1438 per-

59 1465 112 1542 git
126 1465 212 1524 Deus
231 1464 295 1542 ipse
316 1465 347 1522 in
368 1463 486 1523 homine
506 1463 669 1540 justificato
691 1464 815 1535 credere,
838 1482 962 1539 sperare,
979 1465 1030 1521 &e

61 1563 154 1642 quasi
181 1562 361 1642 principium
388 1563 596 1623 extrinsecum.
639 1562 714 1623 (lum
737 1582 805 1621 vero
828 1562 891 1621 haeo
914 1562 1032 1639 justitia

65 1663 183 1724 Christi
198 1664 380 1741 apprehensa
393 1667 423 1722 et
437 1662 615 1739 imputative
627 1681 686 1721 non
699 1663 786 1722 tollet
799 1662 835 1720 ab
848 1661 966 1720 homine
979 1680 1033 1720 neo

67 1765 207 1824 destruat
219 1768 370 1841 peccatum
384 1763 523 1838 originale
533 1782 601 1822 cum
615 1765 676 1822 suis
684 1760 967 1821 manifestationibus
981 1778 1032 1819 seu

69 1865 203 1942 peccatis
223 1863 396 1922 actualibus¹
409 1863 505 1939 pergit
518 1867 670 1940 peccatum
696 1861 838 1938 originale
851 1880 881 1920 se
895 1861 1032 1920 manifes-

73 1968 156 2034 tare3
180 1965 268 2039 prout
288 1980 318 2020 ee
339 1960 450 2036 pariter
471 1961 562 2037 signis
583 1960 714 2022 externis
737 1961 907 2020 manifestat
915 1960 1034 2038 justitia

75 2061 254 2141 imputativa
276 2061 389 2120 homini
406 2061 617 2122 communicata
638 2081 690 2139 per
713 2061 810 2122 fidem.
893 2105 901 2120 .
924 2103 932 2122 .
953 2061 1033 2120 Hinc

77 2163 143 2222 dure
163 2163 227 2222 istae
238 2161 487 2222 manifestationes
509 2162 598 2221 simul
611 2161 644 2220 in
657 2181 716 2221 uno
738 2161 897 2238 eodemque
916 2161 1035 2222 homine

80 2263 160 2340 lapsu
174 2265 204 2323 et
214 2261 377 2340 justificato
398 2261 570 2332 consistunt,
587 2280 700 2320 summa
719 2281 823 2338 nempe
843 2260 956 2336 flagitia
969 2280 1036 2320 cum

84 2381 195 2423 summa
209 2361 378 2422 sanctitate:
402 2360 523 2439 flagitia,
540 2379 606 2442 quae
619 2359 746 2419 hominis
768 2363 846 2433 sunt,
862 2379 916 2419 neo
938 2364 1036 2419 temen

82 2463 263 2542 imputantur
284 2463 321 2522 ad
333 2481 450 2540 poenam
463 2481 516 2538 per
533 2459 667 2540 [propter
678 2458 708 2539 i]
729 2459 827 2532 fidem,
844 2477 909 2536 quae
922 2477 1033 2535 perma-

85 2569 148 2638 net3
172 2567 201 2625 et
212 2561 359 2638 sanctitas,
376 2581 443 2641 quse
467 2580 506 2622 ex
518 2561 577 2620 fide
599 2561 730 2620 nascitur
749 2559 781 2618 in
793 2559 911 2618 homine
921 2557 1033 2636 justifi-

87 2669 155 2724 cato.

130 2767 282 2826 “Pronum
315 2766 467 2842 propterea
499 2761 569 2824 inde
595 2761 653 2822 fuit
679 2761 787 2821 inferre
820 2760 1032 2832 excellentiam,

92 2866 287 2944 equalitatem,
312 2863 589 2924 inamissibilitatem
609 2861 754 2940 justitice3
779 2861 848 2939 quia
863 2860 984 2940 justitie
1006 2866 1036 2920 et

93 2967 220 3027 sanctitas
232 2966 327 3044 ipsius
341 2966 453 3026 Christi
466 2969 521 3039 est,
536 2983 602 3042 quae
616 2968 661 3025 est
674 2964 757 3038 ratio,
773 2966 809 3024 ob
823 2983 911 3041 quam
921 2965 1034 3024 Protes-

95 3069 180 3126 tantes
193 3065 320 3146 [plures]
343 3065 492 3126 interdum
513 3083 543 3124 se
557 3069 723 3142 comparant
740 3083 799 3123 non
822 3064 917 3124 solum
929 3061 1037 3124 sanetis

96 3167 270 3244 quibuslibet,
285 3167 335 3225 sed
349 3170 379 3225 et
393 3167 491 3224 Beatee
505 3164 621 3240 Virgini
634 3170 664 3224 et
678 3165 796 3224 Christo
810 3163 875 3240 ipsi.

134 3267 284 3326 “Pronum
307 3271 448 3343 proeterea
470 3265 541 3342 ipsis
561 3265 619 3324 fuit
646 3265 761 3338 inferre,
788 3281 901 3322 summa
926 3261 1038 3338 flagitia

136 3483 144 3516 ²
162 3485 296 3536 Secundum
313 3485 460 3546 Noratores,
486 3485 641 3536 “Peccatum
658 3482 780 3549 originale
798 3481 927 3533 constituit
941 3486 1039 3548 partem

102 3572 233 3623 sactiolam
244 3573 324 3638 ipsius
341 3565 440 3622 naturae
451 3571 599 3638 corruptoe,”
618 3575 644 3621 et
662 3577 677 3600 “
686 3575 787 3636 peccate
801 3570 910 3620 actualia
920 3585 972 3620 non
982 3573 1042 3620 sunt

102 3659 143 3710 nisi
153 3659 357 3710 manifestationes
368 3659 463 3726 peccati
475 3657 604 3724 originalis
611 3655 632 3708 :''
642 3673 668 3708 n.
679 3656 736 3712 472.
