2424 4300
132 400 190 460 118
492 391 547 457 De
566 389 696 457 Gratzb.
919 389 1019 475 [1111.
1037 411 1086 456 rs.

126 561 202 619 mala
221 559 351 638 perpessi
372 563 450 634 sunt,
475 558 568 636 ipsam
588 560 710 618 mortem
732 554 926 633 oppetierunt.
968 559 1049 634 Ergo
1070 577 1088 615 a

126 660 197 739 pari,
214 664 265 722 &a

167 767 215 824 38.
237 766 322 840 Rcsp.
344 763 427 840 Nego
440 760 687 840 consequentiam.
724 759 918 838 “Disperitas
931 764 993 822 est:
1015 761 1089 840 quia

127 864 237 925 motiva
259 864 408 924 sensibilia
430 868 459 925 et
472 865 601 924 humana
620 862 752 922 homines
768 863 864 942 lapsos
883 863 1016 924 multum
1028 865 1091 923 affi-

128 964 228 1039 ciunt3
250 965 386 1025 honestas
397 983 464 1024 vero
479 967 508 1023 et
518 963 660 1023 motivum
670 963 791 1023 virtutis
804 981 909 1040 parurn
921 963 1089 1037 admodum,

127 1069 156 1125 et
176 1065 217 1126 sic
234 1069 324 1126 totam
344 1065 487 1144 relinquit
505 1065 714 1135 difficultatem,
739 1085 798 1124 non
815 1065 895 1124 tollit
915 1085 1012 1142 neque
1032 1065 1089 1124 mi·

127 1165 223 1226 nuit.'’
238 1168 384 1227 Aurorna.
421 1168 535 1227 Natura
547 1167 628 1244 lapsa
641 1185 693 1243 per
703 1185 733 1226 se
746 1165 883 1244 proclivis
897 1175 927 1226 et
939 1185 1032 1244 prona
1046 1173 1092 1228 est

128 1268 165 1327 ad
178 1287 264 1346 opera
274 1288 356 1329 vanae
371 1269 481 1345 gloriae,
495 1271 632 1346 quaestus,
644 1270 711 1328 dra:
734 1271 764 1328 et
776 1269 887 1328 motiva
896 1267 949 1328 1111
958 1269 1091 1328 animum

128 1370 165 1428 ad
187 1389 220 1429 ea
243 1369 434 1430 exstimulant
457 1373 488 1431 et
509 1371 652 1442 roborant,
673 1372 779 1429 natura
796 1369 972 1446 inducente3
994 1370 1090 1448 gratia

129 1469 239 1529 excitat
252 1474 282 1530 et
295 1471 416 1549 adjuvat
430 1471 466 1528 ad
479 1471 598 1543 bonum,
613 1472 719 1529 natura
732 1469 887 1531 renitente.

169 1576 216 1630 39.
244 1571 344 1649 Odjcct.
366 1577 395 1632 4.
417 1572 450 1632 si
464 1592 532 1632 vera
546 1572 585 1632 sit
598 1571 764 1650 propositio,
780 1573 865 1631 homo
883 1571 1014 1648 graviter
1024 1576 1089 1633 ten·
1155 1609 1158 1615 ,

131 1674 210 1731 tatus
223 1677 354 1732 versatur
367 1671 399 1732 in
412 1671 583 1732 necessitate
596 1673 754 1750 peccandi:
776 1692 842 1750 crgo
856 1676 1010 1750 peccatum
1024 1673 1050 1751 ej
1055 1693 1090 1732 ua

129 1773 249 1833 formale
263 1793 321 1835 non
335 1777 388 1833 est.
1207 1839 1208 1852 ,

173 1879 220 1933 40.
243 1877 324 1950 Resp.
347 1873 445 1935 Variae
460 1877 529 1934 sunt
543 1873 709 1947 solutiones,
725 1875 883 1935 secundum
896 1875 979 1934 varia
996 1878 1089 1953 syste·
1207 1873 1208 1896 ¹

132 1979 211 2034 mata
219 1975 427 2052 theologorum,
435 1997 558 2053 quarum
567 1977 612 2036 hae
621 1977 685 2036 duae
697 1981 766 2036 sunt
774 1976 937 2054 praecipuae.
964 1978 1004 2037 1⁰.
1019 1977 1090 2036 Dis-

129 2075 249 2152 tinguo:
265 2077 411 2158 vVersatur
418 2078 449 2137 in
459 2079 630 2138 necessitate
641 2079 759 2139 morali:
782 2078 931 2138 Concedo:
946 2079 1089 2164 Physica:
1207 2093 1208 2114 ³

128 2176 220 2254 Nego.
242 2178 368 2257 Physica
381 2182 479 2240 autem
490 2180 610 2240 libertas
624 2179 731 2239 sufficit
744 2179 781 2238 ad
794 2183 944 2256 peccatum
954 2180 1088 2240 formale.

129 2279 173 2336 2⁰.
200 2279 288 2349 “Qui
310 2284 411 2358 peccat
429 2281 490 2340 sine
511 2281 615 2358 gratia,
638 2281 664 2340 is
679 2281 777 2358 potuit
793 2281 898 2340 habere
912 2280 1038 2357 gratiam
1052 2283 1090 2341 ad

128 2399 187 2440 non
208 2382 395 2458 peccandum,
414 2403 478 2443 cam
496 2383 643 2460 petendo:
671 2402 739 2442 nam
761 2403 873 2460 semper
895 2383 977 2442 adast
993 2383 1091 2461 gratia
1207 2399 1208 2402 ’

129 2482 238 2556 orandi,
262 2504 327 2544 oum
349 2488 435 2562 urget
457 2483 580 2544 tentatio
601 2484 649 2544 rel
670 2491 857 2563 praeceptum,
880 2483 938 2543 nisi
962 2485 990 2543 ei
1012 2485 1090 2545 obex

129 2584 313 2662 culpabiliter
326 2589 496 2664 apponatur.
536 2586 621 2646 Unde
631 2585 683 2664 qui
692 2591 793 2663 peccat
803 2585 866 2646 sina
875 2585 979 2662 gratia,
990 2586 1091 2663 potuit

129 2704 187 2745 non
207 2706 340 2764 peccare:
365 2687 434 2765 quia
454 2691 549 2765 potest
567 2688 672 2748 habere
692 2687 814 2764 gratiam
834 2688 871 2746 ad
890 2706 950 2746 non
964 2707 1089 2765 peecan-
1207 2739 1208 2764 ,

130 2787 231 2848 dum.’'
266 2791 412 2848 Assorus.
428 2789 513 2855 Quod
526 2809 593 2848 vero
608 2789 645 2848 ad
657 2789 789 2850 infideles
802 2789 953 2866 negativos
967 2789 1085 2864 attinet,
1207 2777 1208 2840 Ῐ

129 2888 209 2948 Deus
223 2909 274 2966 pro
289 2889 430 2967 sapientia
442 2894 471 2951 et
479 2891 658 2968 benignitate
672 2911 726 2951 sua
739 2891 785 2964 iis,
797 2892 880 2950 modo
890 2890 945 2950 sibi
960 2891 1086 2968 cognito,
1207 2895 1208 2950 ζ

129 2989 303 3066 providebit.

170 3095 219 3150 41.
247 3090 347 3168 Objcrt.
365 3095 393 3150 5.
413 3091 478 3151 Lex
490 3093 631 3152 naturalis
644 3093 709 3154 ideo
723 3082 863 3153 naturalis
873 3097 1002 3165 vocatur,
1017 3092 1088 3170 quia

129 3189 240 3251 viribus
250 3197 362 3252 naturae
377 3193 589 3253 accommodata
602 3198 664 3254 est:
688 3215 755 3272 ergo
766 3195 877 3255 viribus
887 3197 1012 3269 naturae,
1027 3215 1086 3254 non

129 3291 261 3352 obstante
274 3291 357 3369 gravi
370 3291 539 3366 tentatione,
556 3294 663 3353 servari
676 3299 779 3372 potest.

171 3397 219 3452 42.
240 3393 326 3469 Rcsp.
348 3393 488 3452 Transeat
501 3395 680 3454 antecedens.
706 3395 781 3454 Dist.
798 3413 992 3471 consequens:
1005 3395 1083 3454 Viri-

130 3491 185 3551 bus
205 3498 317 3554 naturae
339 3494 464 3572 adjutis:
496 3493 642 3556 Concedo:
671 3496 791 3556 Viribus
821 3499 934 3556 naturae
961 3516 1013 3573 per
1034 3517 1082 3556 se:
1207 3503 1208 3564 ξ

4 3591 5 3676 p
130 3593 221 3670 Nego.
255 3596 330 3657 Vide
345 3596 430 3670 dicta,
448 3597 476 3655 d.
493 3600 627 3672 2,1.92,
646 3599 696 3657 doc.
