2410 4314
166 434 205 492 28
536 425 591 488 Da
608 425 738 491 Gratata.
962 429 1070 518 [orsa.
1089 454 1128 499 rr.

164 602 200 655 ut
214 595 281 654 bona
295 593 431 671 salvaque
454 591 500 661 ait,
518 591 654 668 quodque
668 611 685 650 a
698 592 909 668 sapientissimo
923 595 948 673 ej
953 616 987 655 us
1002 602 1128 660 auctore

165 697 227 754 Deo
246 693 407 754 necessario
429 691 553 750 conferri
574 690 687 764 debeat,
709 710 768 750 non
781 692 953 753 necessitate
975 698 1126 772 essentias,

165 795 214 853 sed
231 792 402 853 necessitate
425 790 591 867 exigentiae,
613 793 648 852 ut
668 790 711 849 ita
731 791 835 864 dicam,
856 811 914 869 qua
933 794 996 856 soil.
1015 801 1128 881 natura

165 893 257 970 exigit
278 891 318 965 id,
344 891 485 967 sineque
512 909 574 949 esse
596 889 723 967 quidem,
751 909 811 950 non
832 910 900 952 vero
923 897 1125 957 necessarium

164 995 253 1053 finem
266 992 395 1052 obtinere
404 989 503 1067 possit.
538 989 625 1048 Hanc
636 989 814 1066 exigentiam
822 991 935 1069 hocque
944 993 996 1070 jus
1006 999 1125 1056 naturas

165 1095 206 1154 ait
218 1111 270 1170 per
283 1093 434 1169 peccatum
452 1087 592 1165 originale
612 1088 769 1161 sublatum,
791 1109 825 1148 ao
843 1090 965 1167 proinde
978 1093 1057 1154 bona
1070 1095 1124 1155 illa

165 1191 325 1270 originalia,
342 1190 434 1249 aDeo
447 1207 505 1247 non
519 1207 556 1246 ex
567 1189 766 1265 jurenaturae‚
778 1188 828 1247 sed
842 1209 929 1267 supra
938 1191 951 1268 j
956 1211 990 1250 us
1003 1197 1130 1256 naturae‘

164 1313 216 1371 per
234 1310 339 1352 novam
358 1288 592 1365 singularemque
613 1287 737 1364 gratiam
755 1288 838 1348 reddi
852 1291 882 1349 at
894 1289 958 1350 ideo
972 1296 1040 1368 post
1054 1313 1121 1371 pec·

164 1388 262 1446 catum
270 1401 331 1442 case
342 1378 580 1458 supernaturalia,
591 1381 693 1456 utpote
703 1379 754 1457 jus
764 1383 793 1440 et
803 1379 980 1456 exigentiam
993 1389 1123 1459 naturae,

164 1485 257 1561 culpas
276 1481 417 1553 obnoxia,
440 1479 605 1556 superantia
609 1521 734 1540 .....
757 1479 852 1546 Quare
873 1501 951 1541 error
964 1483 1029 1560 ejus
1043 1485 1123 1563 capi-

164 1590 232 1651 talis
252 1590 283 1646 in
305 1607 338 1646 eo
363 1591 416 1657 est,
442 1584 520 1660 quod
547 1585 659 1642 nature
685 1583 754 1661 plus
780 1604 869 1662 quam
895 1586 1004 1646 veritas
1032 1589 1125 1650 habet

165 1687 308 1758 attribuit,
334 1690 422 1762 atquc
445 1684 487 1742 ita
511 1683 710 1760 quadamtenus
732 1682 920 1762 (formaliter)
943 1705 1011 1744 cum
1036 1687 1123 1747 Pela-

165 1788 259 1865 gianis
273 1785 417 1856 convenit,
435 1785 579 1860 quatenus
592 1801 696 1859 nempe
709 1782 802 1859 primo
816 1783 927 1843 homiui
941 1785 1018 1844 nihil
1039 1788 1124 1847 alind

165 1887 305 1958 concedit,
321 1903 407 1962 quam
419 1883 497 1960 quod
511 1882 548 1940 ad
562 1881 625 1958 ejus
638 1885 772 1941 naturam
786 1883 953 1960 pertineret.
988 1885 1048 1944 Sed
1063 1887 1124 1945 alia

164 1989 306 2064 exparte
331 1981 548 2062 (materialiter)
564 1984 629 2052 ,tcto
653 1981 726 2040 coelo
749 1983 785 2041 ab
809 1982 870 2060 illis
891 1983 999 2058 differt,
1024 2005 1122 2062 quum
1195 2043 1196 2062 ,

130 2133 133 2138 .
165 2106 198 2146 ea
211 2087 286 2144 bona
307 2084 344 2142 ad
367 2084 502 2140 naturam
515 2080 613 2152 refert,
635 2098 700 2157 quae
721 2081 767 2140 illi
785 2101 902 2158 prorsus
919 2084 955 2142 ab
973 2103 1008 2142 ea
1026 2104 1121 2145 remo-

164 2187 280 2246 vebant.
333 2181 489 2258 Negabant
507 2179 585 2239 enirn
609 2179 795 2254 Pelagiania
817 2181 879 2240 Deo
900 2182 1044 2242 tributam
1062 2184 1121 2244 im-

165 2282 383 2352 mortalitatem,
402 2278 644 2338 immunitatema
658 2279 899 2355 concupiscentia,
914 2281 1031 2358 plenam
1045 2281 1123 2360 legis

166 2383 310 2454 notitiam,
326 2379 484 2457 impulsum
495 2379 529 2436 ad
539 2379 634 2436 Deum
648 2379 804 2438 amandum
815 2379 899 2455 eique
913 2379 1121 2441 obediendum.

166 2483 255 2543 Baius
268 2483 370 2542 contra
384 2499 418 2540 aa
431 2479 494 2556 ipsa
508 2477 544 2536 ad
558 2476 753 2536 conditionem
772 2491 885 2538 naturae
899 2482 986 2558 prout
999 2499 1015 2539 e
1028 2499 1122 2540 manu
1195 2509 1197 2590 p

166 2585 223 2644 Dei
236 2581 341 2660 prodit,
356 2578 461 2658 oppido
476 2576 637 2636 necessaria
650 2596 711 2636 asae
726 2577 860 2638 definit.’'

207 2689 254 2740 35.
277 2680 428 2740 Catholica
449 2677 581 2736 doctrina
604 2677 726 2736 affirmat
749 2681 859 2737 statum
879 2679 1062 2752 innocentiae,
1090 2680 1123 2738 in

167 2803 225 2861 quo
239 2781 414 2842 constitutus
433 2777 596 2848 astaldum,
620 2777 858 2853 complectentem
876 2777 1078 2854 integritatem
1094 2785 1125 2839 et

168 2881 359 2949 sanctitatem,
377 2878 405 2938 ei
421 2895 538 2954 prorsus
555 2875 719 2936 indebitum
733 2875 823 2936 fuisse
843 2881 873 2936 at
885 2877 1049 2952 gratuitum
1063 2877 1124 2938 Dei

167 2978 347 3040 beneficium.
388 2976 454 3036 Hoc
474 2976 588 3034 constat
611 2993 648 3033 ex
670 2974 802 3034 doctrina
824 2975 857 3034 in
877 2976 948 3035 Baio
972 2978 1123 3056 damnata,

169 3081 218 3139 sed
231 3079 325 3137 adhuc
343 3075 451 3135 clarius
468 3077 498 3132 ct
513 3073 660 3133 definitius
677 3094 714 3134 ex
733 3093 852 3134 censura
868 3078 903 3134 lc
917 3081 948 3135 et
963 3076 998 3136 17
1012 3078 1124 3154 Bullae,

172 3180 360 3238 “Auctorem
373 3174 473 3247 fidei,''
488 3173 648 3250 praesertim
662 3193 699 3232 ex
715 3193 835 3234 censura
850 3178 886 3233 la
900 3176 1125 3249 :—“Doatrina

171 3277 275 3358 synodi
287 3277 323 3336 de
337 3277 416 3334 statu
429 3273 522 3333 felicia
533 3273 713 3346 innocentiae,
728 3274 843 3352 qualem
854 3293 921 3334 eum
934 3286 1126 3353 representat

171 3381 204 3438 in
217 3377 330 3437 Adamo
344 3377 411 3434 ante
424 3375 583 3451 peccatum,
600 3373 808 3448 complectente
825 3392 884 3434 non
897 3375 982 3434 modo
995 3376 1123 3455 integri-

171 3483 271 3548 tatem,
291 3475 341 3534 sed
355 3478 385 3534 et
403 3472 551 3552 justitiam
570 3471 736 3532 interiorem
751 3491 817 3531 cum
833 3474 962 3550 impulsu
976 3475 1009 3534 in
1022 3477 1124 3538 Deum

171 3599 223 3656 per
237 3593 362 3636 amorem
375 3573 629 3649 charitatis,atque
644 3572 810 3648 primevam
824 3573 1006 3634 sanctitatem
1021 3577 1125 3654 aliqua

170 3679 282 3738 ratione
308 3677 373 3752 post
398 3674 512 3752 lapsum
538 3671 721 3732 restitutam:
764 3671 914 3738 Quatenus
939 3676 1125 3754 complexive
