2402 4292
163 437 224 500 35²
301 427 304 432 “
550 417 604 484 De
629 413 767 482 Gratia.
973 413 1127 503 [uranx.

162 583 244 661 alia),
259 582 313 642 hoo
332 580 449 656 eredita,
465 597 499 642 eo
518 581 582 658 ipso
602 580 733 642 ereditur
745 579 850 640 divina
864 581 934 659 ejus
945 581 1058 656 missio,
1071 583 1133 660 ejus

162 681 301 744 diviuitas
314 685 344 742 et
356 684 449 742 uetera
462 679 560 740 omnia
573 699 639 757 quse
652 680 725 741 feeit
739 689 770 740 et
784 680 899 742 docuit.

204 787 232 842 8.
262 782 343 859 Opus
365 800 425 840 non
451 783 495 840 est
517 780 617 857 plures
639 783 743 842 textus
765 781 910 856 proferre.
968 781 1135 842 Videantur

164 881 222 941 olis
243 883 415 956 argumenta
432 879 511 958 apud
532 881 684 938 Bnnusuu.
710 881 748 940 de
764 879 869 952 Justif,
889 879 913 940 1.
940 884 969 954 1,
994 899 1022 940 o.
1042 886 1071 954 6,
1089 883 1139 940 &a

165 982 287 1055 eurum,
303 981 323 1042 l.
339 985 366 1056 8,
381 1001 407 1043 o.
425 985 479 1053 16;
501 982 613 1042 Brenn.
628 980 777 1054 Manuale,
789 980 811 1040 l.
828 984 856 1054 1,
872 999 898 1041 o.
919 986 971 1056 16,
990 1003 1024 1060 q.
1039 985 1069 1041 5.

427 1217 486 1300 §2
508 1217 664 1280 Solvuntur·
681 1217 862 1294 Oijwts'onee.

207 1363 235 1418 9.
254 1358 341 1418 Anno
364 1355 439 1420 1833
465 1357 576 1419 editum
600 1361 645 1419 est
667 1378 740 1436 opus
761 1357 879 1434 insigne
905 1358 949 1418 de
978 1363 1093 1420 natura
1112 1363 1141 1419 et

167 1459 319 1522 effectibus
361 1460 430 1522 fidei
466 1460 667 1538 justificantis,
709 1465 826 1520 auotore
867 1461 991 1520 Jaeono
1034 1463 1141 1522 Tuon

167 1559 311 1634 O'Barnn,
328 1559 409 1620 Soeio
428 1559 551 1636 (tollagii
570 1561 622 1621 SS.
637 1559 801 1634 Trinitatis,
820 1559 977 1634 Dublinii,
996 1566 1031 1622 et
1053 1564 1142 1623 Theo-

164 1661 250 1746 logiae
263 1662 393 1736 Lentone,
408 1665 475 1740 post
495 1681 587 1722 annos
606 1662 720 1739 aliquot
741 1661 848 1740 (1842)
864 1666 971 1722 orento
994 1663 1141 1741 Episoopo

167 1759 378 1821 Protestantioo
393 1761 552 1821 Ossoriensi
566 1759 599 1820 in
616 1759 770 1821 Hibernia.
812 1762 903 1820 Auno
924 1765 1012 1822 1862
1035 1763 1142 1840 prodiit

168 1860 200 1920 in
218 1861 312 1922 luoom
324 1859 413 1921 editio
434 1860 565 1939 ejusdem
578 1860 673 1940 operis
686 1861 794 1934 altera3
816 1879 947 1937 eamque
970 1882 1055 1922 anno
1069 1865 1141 1921 inse·

169 1959 281 2039 quenti,
299 1962 385 2032 1863,
412 1960 528 2038 excepit
548 1959 638 2020 editio
658 1960 767 2020 tertia.1
807 1960 848 2018 In
868 1961 929 2019 isto
951 1981 1048 2038 opere
1069 1963 1139 2020 duas

170 2059 324 2134 doctrinas,
338 2079 404 2138 quae
417 2060 449 2120 in
469 2060 607 2138 praesenti
620 2064 651 2121 et
664 2062 803 2137 sequente
815 2059 1028 2137 propositione
1041 2067 1138 2121 nostra

168 2164 321 2236 negantur,
338 2165 454 2220 strenue
475 2167 505 2220 et
522 2179 628 2236 magno
643 2162 881 2236 argumentorum
901 2167 1058 2237 apparatu
1071 2181 1136 2239 pre-

169 2264 283 2340 pugnet
296 2265 404 2334 anetor,
421 2263 451 2319 et
464 2263 562 2320 vetera
580 2260 710 2337 expolita
725 2259 886 2336 proferens,
902 2263 992 2319 etex
1012 2261 1137 2338 propriis

170 2363 304 2423 educens.
346 2362 538 2438 Argumentis
557 2361 618 2422 illis
637 2379 773 2438 responsa
793 2359 918 2437 opposui
938 2360 975 2418 in
989 2381 1137 2421 eommen·

171 2463 272 2524 teriolo
292 2461 416 2538 Anglioe
437 2463 543 2540 scripto
564 2461 643 2522 etin
665 2460 820 2521 Rerisione
840 2461 1041 2520 Dubliniensi
1061 2463 1139 2522 edito

170 2564 324 2642 (“Doetor
346 2562 472 2622 O’Brien
493 2583 531 2621 on
544 2561 711 2639 Justifying
734 2561 844 2620 Faith:
870 2561 911 2620 its
934 2561 1059 2621 Nature
1081 2562 1140 2620 and

170 2664 308 2726 Effeets.’'
350 2663 460 2724 Dubito
479 2665 599 2734 Roriam,
628 2665 759 2736 October,
786 2662 887 2736 1868).
930 2663 1068 2722 Nonnisi
1088 2664 1138 2722 de·

171 2764 248 2824 leota
272 2763 405 2842 quiedam
430 2782 469 2821 ex
492 2763 539 2822 his
560 2761 738 2839 argumentis
760 2765 790 2820 et
810 2761 969 2839 responsis,
992 2765 1035 2832 et,
1058 2761 1137 2840 qnod

171 2864 279 2924 attinet
291 2865 328 2922 ad
347 2883 483 2939 responsa
496 2883 569 2935 mea,
585 2863 670 2922 valde
690 2863 836 2921 eontracta
856 2865 887 2920 et
907 2861 1074 2934 deminuta,
1088 2862 1137 2920 hie

171 2964 297 3040 proferre
310 2981 437 3038 possum.
479 2964 515 3022 Id
529 2963 626 3022 minus
639 2961 795 3022 dolendum
807 2961 861 3032 est,
878 2960 1024 3036 quoniam
1039 2961 1137 3020 omnia

172 3066 343 3141 argumenta
359 3063 396 3121 ad
419 3063 477 3122 duo
500 3063 596 3142 eapite
618 3063 746 3124 revooari
765 3067 886 3141 possunt
903 3067 934 3122 et
954 3063 1076 3136 debent,
1102 3067 1136 3120 ut

168 3163 401 3244 jamvidebitur.
981 3171 983 3174 ’

203 3344 212 3377 ¹
225 3345 401 3413 “AtAttempt
410 3347 435 3394 to
443 3341 611 3406 nptatoaoe
619 3341 744 3394 Estabtz'st
753 3340 791 3392 tto
799 3340 916 3390 Doctrina
923 3337 1135 3402 ofJurtificutros

171 3427 204 3499 by
215 3431 291 3482 Foitt
307 3432 378 3498 Only,
390 3433 417 3482 in
435 3435 478 3480 ten
489 3445 600 3480 sermons
614 3445 683 3495 upon
694 3427 737 3479 the
754 3428 851 3477 Nature
866 3424 919 3475 and
934 3425 980 3475 the
995 3425 1094 3475 Effeets
1105 3425 1135 3474 oi

171 3519 257 3580 Faith,
279 3516 403 3585 preaohed
419 3517 447 3566 in
463 3514 508 3566 the
530 3514 626 3580 ehspol
647 3516 676 3566 ot
697 3514 798 3579 Trinity
819 3511 929 3576 Collega,
949 3510 1059 3560 Dublin.
1092 3511 1133 3574 By

171 3605 256 3656 Jsuus
276 3605 382 3655 Turonas
402 3604 525 3660 O'Bsruu,
549 3601 626 3660 D.D.‚
645 3601 686 3653 ito.
720 3600 802 3651 Third
821 3598 925 3648 edition.
961 3596 1027 3648 1863
1037 3597 1054 3620 ”
1078 3599 1130 3662 (pp.

172 3690 229 3744 496.
261 3690 328 3756 Ipsae
338 3689 467 3740 eonoiones
477 3687 581 3754 paginas
591 3687 641 3738 249
649 3691 772 3754 occupant
783 3689 876 3736 eeteros
886 3683 976 3748 notee).
