2410 4314
169 429 210 490 80
538 420 591 488 De
608 415 738 487 Gratis.
948 415 1050 508 [nrsr.
1069 443 1119 489 ιιι.

167 592 246 649 tante
268 592 298 649 et
319 589 475 666 adjurante
498 587 604 664 gratia:
627 586 771 648 Concedo:
793 585 825 648 Si
847 605 925 647 non:
948 590 1043 664 Nego.
1077 591 1117 650 2⁰.

166 689 322 766 Distinguo
335 689 474 747 minorem
488 709 494 746 :
518 689 664 746 Assensus
677 687 819 746 naturalis
833 692 862 746 et
876 685 1002 747 sterilis:
1028 689 1117 748 Trun-

165 793 242 848 seat:
265 808 359 865 supra,
375 807 404 847 n.
422 791 488 845 30-1
504 806 510 847 :
534 788 677 846 Assensus
690 786 841 846 salutaris:
864 786 954 863 Nego.

205 892 252 946 55.
265 887 377 946 Similis
385 886 508 965 objectio
518 886 554 946 de
565 885 858 964 aliisoperibusbonis
867 889 1000 961 urgetur,
1008 886 1047 946 de
1058 907 1114 965 spe,

163 987 198 1046 de
209 1007 304 1047 amore
312 986 376 1058 Dei,
385 987 420 1046 de
429 985 563 1064 operibus
572 984 784 1057 misericordiae,
798 986 834 1045 de
845 985 984 1058 oratione,
995 986 1034 1046 de
1044 989 1115 1046 tem-

162 1087 302 1164 perantis,
326 1090 376 1147 dre.
418 1087 527 1145 Eadem
541 1089 586 1145 est
606 1086 642 1144 ad
658 1093 762 1144 'omnes
776 1084 919 1162 ejusmodi
940 1085 1116 1163 objeotiones

160 1188 325 1265 responsio:
347 1188 404 1247 ista
418 1188 495 1248 enim
510 1207 603 1265 opera,
618 1187 679 1247 sire
693 1187 788 1264 quoad
798 1186 991 1246 substantiam
1002 1187 1116 1247 viribus

106 1343 110 1352 ,
159 1291 272 1347 natura
283 1286 355 1347 effioi
364 1286 540 1364 possintsive
549 1306 607 1346 non
619 1286 662 1364 (et
670 1289 768 1346 utrum
776 1287 888 1362 possint
896 1305 933 1345 an
944 1305 1013 1359 non,
1022 1307 1114 1364 quaes·

160 1385 200 1444 tio
221 1389 265 1445 est
286 1385 401 1445 omnino
416 1390 500 1446 extra
518 1389 691 1463 praesentem
705 1385 856 1445 materiam
868 1385 990 1462 posita),
1004 1391 1042 1446 ut
1055 1386 1116 1448 siut

159 1484 306 1558 salutarie,
319 1486 425 1545 debent
439 1473 573 1545 omnia'et
581 1484 697 1561 singula
710 1505 747 1545 ex
755 1484 850 1562 gratia
859 1484 933 1544 fieri.
955 1485 1026 1545 Non
1036 1485 1115 1544 enim

157 1584 341 1661 probavimus
354 1585 554 1646 necessitatem
568 1580 669 1660 g'ratiae
684 1604 722 1644 ex
735 1603 768 1644 eo
782 1583 859 1661 quod
873 1583 950 1644 vires
963 1584 1115 1644 naturales

158 1703 215 1743 non
228 1689 349 1762 possunt
362 1705 433 1762 opus
446 1685 478 1744 in
492 1705 522 1744 se
542 1683 673 1762 exsequi,
689 1685 737 1744 vel
747 1704 803 1744 non
817 1683 875 1743 uisi
889 1703 966 1761 aegre
979 1692 1111 1762 possunt,
1196 1709 1197 1714 ¹

157 1784 206 1841 sed
221 1783 290 1860 quia
303 1804 320 1842 a
334 1785 397 1844 Deo
412 1785 572 1844 revelatum
586 1788 630 1843 est
642 1783 758 1842 nullum
773 1802 853 1860 opus,
869 1783 930 1842 sivo
944 1783 1031 1844 facile
1051 1784 1114 1844 sive

157 1881 282 1952 difficile,
297 1901 380 1960 posse
400 1903 461 1943 esse
474 1883 600 1943 salutare
613 1882 671 1942 nisi
684 1883 737 1944 fiat
751 1902 788 1942 ex
802 1881 905 1959 gratia,
917 1881 976 1941 nisi
989 1883 1116 1960 recipiat

156 1981 310 2057 quamdam
336 1981 508 2058 dignitatem
534 1986 565 2042 et
591 1981 803 2055 excellentiam,
826 2001 914 2059 quam
939 2001 978 2041 ex
1000 2002 1032 2041 se
1059 2001 1115 2042 neo

155 2080 243 2140 habet
262 2101 315 2140 neo
335 2082 441 2142 habere
455 2086 559 2160 potest,
576 2087 606 2142 et
627 2082 668 2142 sio
684 2083 720 2142 ad
740 2082 870 2142 ordinem
891 2082 1047 2142 attollatur
1061 2085 1114 2163 qui

155 2182 199 2238 est
219 2179 335 2238 omnino
350 2200 437 2258 supra
450 2186 585 2242 naturam
599 2183 671 2260 ejus.

195 2283 242 2336 56.
264 2279 332 2339 Non
354 2285 398 2340 est
417 2300 490 2359 opus
510 2302 577 2358 ergo
597 2288 632 2341 ut
651 2282 723 2342 istas
743 2280 919 2358 objectiones
939 2280 1115 2358 singulatim

154 2377 340 2454 disjioiamus,
356 2381 455 2440 eudem
469 2381 572 2440 iisdem
586 2382 682 2440 verbis
696 2385 868 2457 repetentes.
911 2380 995 2439 Idem
1009 2381 1114 2442 dioen-

154 2478 223 2537 dum
237 2483 281 2538 est
294 2481 328 2540 de
343 2481 516 2558 quibusdam
529 2481 599 2540 loeis
615 2480 780 2558 Scripturae,
795 2479 827 2538 in
841 2479 948 2556 quibus
960 2479 1116 2541 videretur

153 2577 309 2653 significari
322 2581 455 2658 quaedem
469 2599 555 2658 opere
569 2579 707 2639 salutaria
720 2581 797 2640 faeta
816 2579 906 2638 fuisse
920 2579 983 2639 sine
1002 2581 1114 2655 gratia.

152 2676 208 2735 Vel
231 2677 309 2737 euim
331 2699 423 2739 sermo
448 2683 492 2738 est
513 2679 545 2737 iu
566 2678 626 2737 illis
651 2678 783 2739 textibus
806 2677 842 2737 de
870 2676 1004 2754 operibus
1032 2697 1115 2738 mere

151 2777 298 2837 moraliter
310 2779 401 2851 bonis,
414 2779 463 2838 vel
476 2779 512 2837 de
525 2778 660 2854 operibus
670 2777 853 2838 salutaribus.
889 2775 921 2836 Si
935 2775 1018 2853 prius
1032 2777 1115 2836 diea-

152 2880 208 2947 tur‚
223 2897 291 2952 ergo
311 2881 412 2938 textus
432 2881 501 2936 sunt
521 2882 604 2937 extre
624 2897 699 2937 rem:
720 2877 745 2936 si
758 2876 911 2954 posterius,
926 2875 981 2936 etsi
1001 2875 1115 2936 diserte

151 2994 208 3032 non
222 2977 380 3036 affirmatur
400 2997 434 3036 es
454 2978 531 3036 facts
544 2996 606 3036 esse
626 2997 664 3037 ex
683 2978 786 3054 gratia,
802 2977 856 3036 hoe
876 2979 974 3035 tamen
995 2994 1115 3054 semper

151 3074 334 3150 supponitur.
376 3075 520 3141 Quoniam
534 3076 611 3134 enim
626 3077 696 3137 adeo
710 3095 785 3154 saepe
804 3079 834 3136 et
854 3075 929 3134 clare
949 3074 1116 3135 affirmatur

150 3171 255 3233 diserte
277 3174 394 3233 nullum
415 3195 489 3252 opus
511 3174 637 3236 salutare
657 3175 721 3235 fieri
743 3176 804 3236 sine
828 3173 929 3252 gratia,
951 3194 1026 3251 opus
1049 3194 1115 3234 non

149 3276 226 3332 esset
245 3273 419 3352 principium
440 3274 574 3334 omnibus
593 3279 704 3348 uotum,
720 3275 903 3335 memorando
923 3293 1010 3352 opera
1030 3274 1114 3334 salu·

149 3371 232 3445 tario,
247 3386 359 3451 semper
378 3373 561 3451 interponere
586 3378 616 3435 et
636 3379 775 3453 repetere.
817 3372 962 3452 Exempla
984 3378 1056 3436 suut
1078 3375 1112 3434 in

148 3471 299 3546 Job.i.8;
321 3475 545 3546 Aet.x.2,&o.

189 3577 237 3635 57.
273 3574 373 3652 object.
396 3579 423 3634 2.
451 3573 518 3635 Diei
539 3594 598 3634 non
620 3578 717 3653 potest
738 3577 833 3635 Deum
857 3572 969 3634 dedisse
993 3573 1115 3635 homini

148 3673 301 3732 facultates
327 3674 363 3732 ad
389 3675 477 3734 finem
506 3695 591 3736 suum
621 3675 758 3734 ultimum
785 3673 1006 3750 assequendum,
1038 3695 1115 3752 quae
