2424 4300
167 384 226 443 150
538 357 594 422 De
612 356 741 424 Grotzir.
972 359 1067 442 [uisu.
1086 381 1119 422 v.

163 530 217 586 hoo
236 525 381 586 auxilium
395 524 511 583 omnino
521 524 632 601 requiri
646 525 757 584 Psaltes
773 544 790 582 o
804 525 864 582 Deo
880 524 1039 598 inspiratus
1053 545 1119 600 eog-

163 627 257 686 noscit
281 623 391 706 [nota],
412 629 578 685 tentanum
602 624 733 701 emphasi
752 625 927 702 supplicat.'’
972 625 1121 690 Quosdam

165 731 264 787 textus
286 746 324 786 ex
344 725 399 784 isto
414 725 539 797 Psalmo,
566 726 619 784 sub
640 725 734 796 initio,
759 725 900 801 proferam
915 724 1122 783 :—“Utinam

165 827 328 902 dirigantur
347 825 402 883 viae
426 844 497 882 mese
520 825 556 882 ad
580 823 782 882 custodiendas
802 823 1031 900 justificationes
1054 827 1123 881 tuas

167 925 327 1005 [praeoepta
340 928 399 998 tua,
423 925 529 1000 quibus
551 924 672 984 servatis
691 927 814 1000 augetur
833 928 933 982 nostra
943 920 1125 1003 justitie]-

164 1029 183 1086 J
185 1026 392 1088 ustifioetiones
406 1030 471 1084 tues
484 1026 662 1086 custodiam:
686 1045 744 1084 non
759 1045 804 1084 me
818 1026 1004 1102 derelinquas
1014 1045 1122 1102 usque-

165 1125 500 1205 quaque-Dormitevit
534 1126 630 1184 anima
663 1147 728 1185 mea
751 1145 810 1202 prae
837 1125 923 1184 taedio
955 1125 1008 1204 [en
1032 1127 1125 1184 fornes

165 1227 283 1302 peceati
299 1231 328 1287 et
342 1246 407 1303 quoe
426 1247 464 1285 ox
482 1246 514 1285 eo
529 1229 662 1286 oresount
675 1225 854 1284 infirmantia
870 1230 900 1283 et
913 1224 1120 1305 hebetantia]:
1196 1209 1197 1214 ἵ

166 1325 303 1385 confirma
326 1346 372 1386 me
394 1326 426 1384 in
439 1325 535 1385 verbis
555 1326 616 1384 tuis
635 1324 727 1405 [vires
749 1345 837 1383 novas
862 1324 957 1400 adjice
976 1325 1062 1397 mihi,
1079 1345 1122 1382 se·

166 1427 294 1484 eundum
321 1427 537 1504 promissionem
564 1424 749 1504 tuam]-Da
772 1425 845 1483 mihi
872 1425 1069 1494 intellectum,
1095 1434 1124 1482 et

167 1527 315 1586 scrutabor
338 1526 431 1602 legem
453 1530 550 1586 tuam:
579 1530 609 1584 et
632 1525 795 1584 custodiam
813 1525 896 1582 illam
914 1525 946 1582 in
961 1528 1024 1583 toto
1038 1525 1124 1584 eorde

167 1627 379 1686 meo—Averte
401 1626 499 1686 oeulos
520 1646 598 1686 meos
620 1645 657 1684 ne
681 1626 800 1684 videant
812 1625 993 1684 vanitatem:
1020 1625 1054 1682 in
1075 1624 1124 1682 ria
1196 1617 1197 1620 ’

168 1732 220 1788 tua
232 1729 350 1788 vivifiea
361 1730 434 1788 me.’'
460 1729 541 1787 Vers.
558 1733 584 1800 5,
603 1732 629 1800 8,
647 1731 694 1799 28,
713 1731 759 1799 34,
778 1726 824 1784 37.
851 1726 919 1784 Vid.
934 1727 961 1785 d.
977 1732 1006 1797 4,
1023 1747 1053 1784 n.
1071 1730 1123 1783 30:
1196 1789 1197 1792 Ἴ

168 1825 211 1886 ibi
225 1827 302 1887 diota
314 1828 384 1886 huio
398 1829 566 1903 argumento
580 1826 663 1884 facile
675 1824 881 1884 accommodari
894 1830 1029 1901 possunt.

212 1971 258 2028 74.
279 1969 468 2028 Aaronem
491 1989 529 2028 ex
552 1968 699 2028 Patribus
744 1967 851 2034 “Quia
873 1969 1001 2026 servitus
1025 1971 1125 2027 nostra

170 2069 206 2127 ad
229 2069 260 2128 id
280 2069 385 2146 ipsum,
408 2074 443 2128 ut
466 2070 497 2127 in
521 2068 670 2128 servitutis
691 2069 749 2127 fide
774 2072 897 2140 maneat,
927 2067 1126 2126 misericordia
1196 2069 1197 2102 ³

169 2167 288 2227 Domini
313 2168 434 2243 indiget,
470 2169 646 2246 superaddit,
686 2169 861 2228 ‘seeundum
895 2167 1125 2228 misericordiam
1196 2217 1197 2222 ,

170 2271 251 2326 tuam
261 2269 278 2326 :’
295 2268 364 2345 quia
377 2267 560 2327 miseratione
571 2269 635 2346 ejus
649 2287 721 2344 opus
741 2272 793 2340 est,
810 2271 844 2326 ut
857 2267 889 2326 in
902 2267 957 2326 hae
972 2267 1126 2328 servitutis
1196 2307 1197 2312 κ

169 2370 275 2426 nostrae
293 2368 468 2444 professione
489 2369 685 2426 moneamus.''
727 2367 756 2426 S.
776 2369 936 2439 Himeros,
960 2367 993 2424 in
1018 2368 1125 2426 Psalm.
1196 2413 1197 2428 2

171 2465 270 2525 cxviii.
290 2470 344 2523 124
359 2467 485 2544 (Littera
501 2470 546 2537 16,
563 2485 591 2523 n.
611 2466 672 2542 10).

213 2567 259 2626 75.
284 2567 378 2625 “Non
398 2565 531 2634 volentis,
554 2584 647 2642 neque
671 2565 817 2623 currentis
841 2565 968 2623 hominis
992 2585 1126 2641 perseve-
1196 2609 1197 2616 1

173 2670 268 2726 rontio
289 2673 349 2726 est:
376 2686 434 2724 non
455 2676 499 2724 est
520 2667 598 2724 enim
622 2666 654 2722 in
677 2665 803 2722 hominis
825 2669 976 2740 potestate,
999 2665 1050 2724 sed
1072 2665 1126 2723 mi·
1196 2697 1197 2702 κ

174 2765 295 2825 serentis
315 2764 371 2823 Dei
393 2768 446 2836 est,
474 2768 509 2823 ut
528 2765 619 2842 poesis
647 2766 788 2842 complere
816 2786 880 2844 quae
907 2767 1065 2844 coeperis.”
1096 2766 1126 2826 S.

174 2868 349 2937 Annaosrus,
366 2864 398 2922 in
409 2866 514 2924 Psalm.
528 2865 626 2924 cxviii.
645 2866 681 2926 76
698 2865 811 2943 (Sermo
828 2871 873 2940 10,
889 2886 917 2925 n.
936 2870 996 2944 35).

162 2973 164 2978 ’
215 2965 262 3022 76.
286 2964 498 3022 “Justifioetus
518 2964 618 3041 itaque
641 2965 735 3038 homo,
761 2966 865 3038 idest,
890 2987 927 3025 ex
948 2965 1039 3043 impio
1059 2965 1127 3042 pius

174 3063 276 3131 faetus,
293 3062 374 3119 nullo
388 3063 567 3138 praecedente
585 3065 659 3124 bono
675 3065 788 3138 merito,
807 3065 912 3142 accipit
926 3065 1045 3140 donum,
1070 3085 1128 3142 quo

176 3163 249 3219 dono
264 3160 394 3237 aequirat
408 3166 438 3220 et
452 3162 605 3223 meritum:
631 3168 663 3223 ut
677 3165 754 3242 quod
775 3165 807 3223 in
823 3165 874 3224 iilo
894 3165 1065 3225 inchoatum
1085 3171 1128 3225 est

175 3261 363 3337 pergratiam
379 3261 496 3334 Christi,
517 3263 606 3322 etiam
624 3284 675 3341 per
696 3265 870 3324 industriam
888 3265 972 3325 liberi
986 3270 1128 3342 augeatur

177 3359 311 3420 arbitrii:
339 3381 489 3438 nunquam
512 3368 621 3422 remoto
645 3364 788 3440 adjutorio
817 3364 881 3435 Dei,
906 3365 968 3424 sine
991 3385 1049 3442 quo
1076 3385 1128 3424 neo
1196 3389 1197 3392 ¹

176 3461 314 3537 proficere
337 3481 390 3521 neo
412 3483 578 3540 permanere
602 3463 633 3522 in
655 3465 729 3522 bono
751 3465 906 3542 quisquam
929 3468 1056 3542 potest.''
1098 3467 1127 3524 S.

177 3561 319 3634 Prospere,
335 3581 387 3639 pro
401 3563 567 3639 Augustino
590 3563 807 3640 Responsiones‚
823 3585 851 3640 p.
871 3569 895 3636 l,
913 3585 936 3624 o.
953 3570 980 3624 6.
