2402 4292
166 409 230 472 334
548 380 605 447 De
621 375 754 446 Grata.
978 377 1089 464 [mer.
1104 395 1148 442 ιι

161 552 360 632 monentes„
381 547 617 628 consequentiam
637 548 667 607 et
680 563 866 624 consequens
886 544 1038 605 absolute
1057 563 1141 620 nego.

162 656 244 717 neas
266 655 311 714 est
323 651 402 713 enim
425 648 590 720 canocice,
604 646 798 724 omnipotens,
821 645 948 706 infinite
963 665 1083 718 verax,
1100 645 1146 724 qni

162 756 342 833 peccatorem
350 749 646 830 justificat-justum
660 746 797 808 declarat.
835 745 894 816 Qui
910 747 952 807 ab
966 766 1005 808 co
1019 751 1146 806 vocetur

159 856 267 934 justus.
282 853 444 914 declaratur
453 851 557 930 justas,
573 869 607 910 co
620 851 683 927 ipso
693 848 794 926 justus
807 850 863 908 est.
902 847 1076 920 Homines,
1098 849 1147 926 qai

162 960 194 1018 et
204 955 270 1016 falli
283 957 313 1016 et
325 954 426 1015 fallere
437 955 568 1032 possunt,
579 954 610 1012 et
619 949 816 1028 pronunciant
826 947 1001 1011 secundum
1015 947 1146 1025 allegata

163 1061 194 1120 et
206 1058 336 1136 probate,
347 1054 514 1134 justificent
529 1051 679 1124 toroneicc,
694 1049 766 1129 qnia
785 1049 844 1110 alio
865 1051 956 1110 modo
966 1051 1146 1130 justificare

162 1177 222 1220 non
244 1160 377 1240 possunt
416 1154 594 1229 iustificant,
611 1172 670 1233 quo
690 1152 776 1213 modo
798 1155 932 1231 possunt
945 1157 978 1214 et
992 1157 1146 1233 quantum

162 1265 292 1342 possunt,
307 1279 395 1321 rere:
410 1257 454 1319 ita
467 1260 498 1318 et
511 1258 602 1319 Deus.

205 1366 253 1424 88.
273 1363 406 1441 Insopa,
422 1359 500 1440 quod
513 1358 613 1421 sedulo
632 1359 794 1419 notandum
812 1360 868 1432 est,
884 1357 917 1418 in
932 1358 1069 1437 judiciis
1089 1360 1143 1419 hn·

164 1463 259 1526 manis
284 1482 360 1538 reus,
384 1462 437 1541 qui
462 1460 626 1522 absolvitur
651 1464 683 1524 et
704 1461 849 1522 liberatus
873 1460 1057 1533 dimittitur,
1081 1482 1139 1522 non

164 1565 325 1631 absolvitur
348 1585 366 1626 a
387 1563 509 1626 crimina
531 1563 569 1624 ab
590 1582 625 1624 oo
643 1582 712 1624 rere
733 1562 870 1638 admisso,
893 1564 947 1623 scd
967 1565 1138 1625 declaratur

164 1669 293 1730 ιἰιιιιιιιιι
304 1685 366 1730 esse
375 1666 505 1727 oriminis
514 1664 773 1745 quo[insimnlatus
784 1668 837 1739 ost,
849 1668 881 1725 ot
890 1664 970 1725 illud
980 1685 1137 1745 nunqnam

166 1772 323 1834 admisisse.
365 1770 400 1834 si
419 1790 487 1848 ergo
507 1771 589 1832 Deus
609 1770 937 1847 absolvetpeooatorem
962 1790 1026 1850 quc
1042 1772 1136 1850 ¹inodo

163 1876 257 1955 judex
277 1874 403 1936 absolvit
414 1893 508 1942 ream,
523 1873 646 1934 absolvit
667 1873 841 1933 declarando
866 1891 935 1932 curn
956 1891 1018 1934 non
1045 1874 1135 1935 fnisse

166 1978 353 2054 peccatorem,
367 1993 425 2034 non
439 1972 589 2033 admisisse
602 1971 772 2049 peccatum!

208 2079 255 2134 84.
283 2075 406 2155 Uryotur
430 2078 456 2134 l.
480 2074 519 2132 In
537 2071 660 2151 judiciis
685 2069 823 2130 humenis
846 2071 945 2150 judex
973 2091 1037 2133 non
1056 2073 1133 2152 secet

167 2173 314 2233 hominem
335 2173 594 2234 innccentemeed
614 2170 737 2231 declarat
757 2191 826 2231 eum
850 2190 914 2231 esec
934 2171 1131 2247 innocentem,

167 2276 217 2334 Ita
229 2277 260 2334 et
272 2273 353 2334 Deus
362 2273 551 2351 justificando
571 2275 750 2351 peccatorem
771 2291 829 2330 non
850 2271 1007 2332 faciteam
1016 2274 1132 2352 justum

168 2374 219 2435 ead
232 2373 359 2434 declarat
371 2393 433 2433 esse
442 2373 566 2450 justum.
1197 2375 1199 2506 4

209 2479 257 2534 85.
278 2475 363 2550 Bcep.
404 2473 452 2532 Ex
462 2473 526 2550 jam
546 2471 633 2531 dictis
653 2475 735 2550 patet
748 2471 891 2532 actionem
902 2473 1016 2552 judicis
1037 2475 1130 2536 absol·

169 2575 264 2635 ventis
278 2572 492 2653 (justificantis)
513 2575 543 2632 et
557 2572 698 2632 actionem
718 2571 774 2631 Dei
790 2572 985 2650 justificantis
1004 2594 1053 2635 res
1073 2595 1130 2636 ecee

168 2673 286 2734 omnino
309 2677 340 2734 ot
352 2677 414 2733 toto
434 2671 508 2732 ooelo
529 2671 667 2732 diversas.
708 2671 821 2732 Judicis
841 2673 921 2732 enim
943 2691 1129 2754 nequaquam

167 2772 374 2835 estabsolvero
397 2770 556 2832 acrimine
578 2770 713 2844 ιᾶιιιὶιιο,
736 2769 798 2832 sire
820 2773 920 2850 quoad
941 2774 1062 2852 culpam
1086 2777 1127 2854 (in

168 2893 228 2952 qna
239 2873 317 2932 nihil
329 2872 438 2951 potest)
459 2871 520 2933 sive
534 2872 628 2951 quoad
640 2891 772 2951 poenam.
813 2873 926 2934 Munus
939 2877 1006 2952 ejus
1020 2876 1126 2955 duplex

169 2977 229 3047 eet;
257 2973 298 3044 1⁰,
322 2972 475 3049 explorare
496 2983 608 3044 utrum,
623 2973 781 3032 secundum
804 2972 930 3050 allegata
951 2978 983 3036 et
996 2978 1123 3054 probata,

168 3093 237 3135 rens
249 3072 359 3134 crimen
378 3073 456 3150 quod
478 3072 506 3133 ci
526 3073 699 3134 attribuitur
719 3073 869 3135 admiserit
881 3095 920 3134 an
933 3095 1012 3149 non;
1037 3079 1080 3152 2⁰,
1101 3079 1124 3138 si

169 3178 298 3242 criminis
310 3177 507 3250 convincatur,
524 3197 590 3238 eum
603 3197 696 3255 poena
709 3179 804 3256 alege
817 3183 929 3240 etatnta
941 3183 1122 3260 multare3si

169 3301 228 3341 non
247 3278 445 3349 convincatur,
467 3297 534 3338 aum
554 3278 698 3338 insontem
719 3278 753 3357 (“
763 3284 815 3338 not
828 3279 960 3360 guilty”)
981 3283 1121 3344 declarare

170 3386 201 3444 et
222 3383 347 3442 liberum
370 3378 524 3440 dimittere.
573 3379 612 3438 In
631 3379 847 3456 justificatione
864 3384 1035 3459 peccatoris,
1059 3407 1119 3446 oum

169 3486 303 3559 peccator
323 3499 341 3539 a
358 3481 420 3539 Deo
441 3477 577 3539 omniscic
601 3479 717 3540 videtur
739 3501 802 3542 assa
824 3487 966 3560 peccator,
991 3489 1023 3544 ct
1043 3493 1075 3546 ut
1092 3488 1118 3548 id

172 3582 350 3656 compertum
373 3579 412 3639 eit
424 3580 506 3641 nulla
527 3600 599 3658 opus
622 3584 666 3641 eet
685 3581 893 3658 exploratione,
917 3602 978 3642 non
1002 3585 1061 3646 alia
1080 3597 1118 3650 eet

168 3675 341 3758 justificatio
354 3677 413 3738 nisi
426 3698 493 3756 quaa
507 3679 586 3757 apud
598 3680 697 3740 Deum
710 3699 779 3742 vara
792 3685 855 3744 cst:
878 3701 976 3762 supra,
992 3703 1023 3748 ιι.
1035 3687 1082 3750 83.
