2410 4314
61 436 143 482 mse.
161 412 230 502 111.]
277 415 332 480 De
350 412 472 480 Gratata
488 413 648 477 elevante:
672 410 822 497 possitae.
973 413 1009 473 81

61 589 158 644 tamen
171 583 244 643 tales
257 586 336 654 sunt,
352 585 387 639 ut
399 600 452 658 per
466 599 513 639 eas
528 579 660 638 absolute
674 579 817 655 impotens
831 578 874 635 est
888 575 1015 634 adhunc

59 682 147 742 finem
161 679 443 758 assequendum-id
464 680 541 738 enim
563 669 712 755 sapientiae
735 676 842 737 divinae
862 677 1014 753 repugnat.

60 783 140 843 Deus
154 785 252 843 autem
266 779 348 840 dedit
361 779 473 838 homini
493 779 650 838 facultates
670 778 827 850 naturales,
843 781 878 836 ut
897 795 949 851 per
969 793 1016 834 eas

60 882 150 942 istum
164 881 252 942 finem
266 880 438 956 attingeret3
453 882 590 949 attamen,
605 878 630 936 si
650 898 718 938 vera
732 877 770 936 sit
784 877 1017 954 propositio,'per

60 1001 108 1041 eas
127 999 187 1040 non
207 979 299 1039 solum
318 979 407 1038 finem
428 977 572 1053 attingere
586 997 644 1036 non
666 981 770 1055 potest,
787 977 837 1036 sed
855 995 908 1035 nec
929 975 1017 1036 etiam

60 1079 183 1139 minimo
206 1079 297 1156 gradu
326 1079 363 1137 ad
389 1097 456 1138 eum
483 1077 625 1138 accedere.
686 1078 763 1152 Ergo
789 1097 859 1136 vera
885 1095 942 1136 non
973 1080 1018 1136 est

60 1179 227 1258 propositio.

62 1283 69 1355 1
88 1283 152 1357 '25⁸-
173 1279 257 1354 Respo.
282 1277 322 1337 1⁰.
338 1275 496 1352 Distinguo
510 1275 634 1351 primam
646 1277 887 1354 propositionem:
912 1281 954 1340 Ut
967 1301 1019 1358 per

61 1397 118 1448 eas,
134 1396 164 1436 se
178 1377 262 1450 soles,
279 1376 314 1436 ab
329 1385 414 1434 extra
428 1394 486 1432 non
501 1374 626 1452 adjutas,
649 1377 778 1436 absolute
792 1377 935 1455 impotens
955 1388 1016 1441 est:

62 1476 215 1537 Concedo:
230 1476 273 1536 Ut
285 1495 339 1554 per
352 1493 400 1535 eas
414 1475 542 1534 elevatas
556 1477 586 1532 11
599 1475 714 1550 adjutas
728 1495 734 1535 :
755 1478 785 1538 N
786 1497 847 1553 ege.
890 1477 931 1539 2⁰.
951 1481 1018 1540 Dis-

62 1577 166 1654 tinguo
176 1573 299 1654 primam
313 1576 425 1652 partem
448 1573 579 1632 secundae
600 1573 819 1650 propositionis:
841 1579 921 1637 Deus
942 1581 1022 1640 dedit

61 1675 220 1736 facultates
240 1674 351 1734 nudas:
385 1673 486 1750 Nego:
521 1673 688 1732 Facultates
709 1674 851 1736 elevatas:
882 1678 1021 1740 Concedo.

62 1775 145 1836 Deus
171 1773 268 1852 potuit
282 1773 438 1840 ,destinare
457 1771 602 1831 hominem
625 1773 769 1846 adfinem
790 1776 929 1836 ultimum
950 1800 1022 1858 pure

62 1874 245 1948 naturalem3
277 1877 307 1932 11
327 1882 398 1932 tunc
412 1872 497 1930 homo
518 1871 660 1949 potuisset
675 1873 752 1933 huuc
771 1875 859 1936 finem
879 1879 1023 1957 attingere
1091 1893 1093 1897 ’

63 1993 119 2051 per
145 1971 222 2032 vires
248 1972 405 2046 naturales,
434 1971 554 2030 auxiliis
581 1991 658 2032 mere
686 1976 867 2037 naturalibus
900 1988 930 2039 et
964 2000 1024 2040 non

64 2073 260 2146 elevantibus,
276 2092 343 2133 cum
363 2091 436 2150 opus
456 2074 539 2143 esset,
556 2071 679 2149 adjutas.
722 2076 779 2134 Sed
792 2077 872 2138 Deus
893 2081 928 2140 de
949 2083 1023 2141 facto

64 2193 137 2234 eum
158 2172 303 2232 adfinem
327 2172 574 2250 supernaturalem
599 2173 764 2248 destinavit,
789 2181 819 2236 11
838 2171 904 2238 ideo
927 2182 1025 2258 posuit

64 2293 135 2334 eum
151 2272 182 2331 in
197 2275 274 2332 statu
294 2272 350 2332 viae
371 2272 593 2350 supernaturali,
610 2272 712 2350 inquo
733 2275 851 2337 elevatae
872 2285 941 2340 sunt
961 2281 1026 2358 ejus

64 2373 232 2444 facultates,
248 2375 286 2444 et,
303 2371 328 2431 si
348 2371 380 2429 in
393 2371 448 2430 hoc
462 2374 542 2432 statu
562 2391 729 2448 permanere
750 2376 898 2452 voluisset,
915 2400 1027 2459 semper

65 2478 98 2532 et
111 2469 311 2531 infallibiliter
324 2471 442 2530 elevatae
456 2471 689 2548 permansissent.
724 2473 782 2533 Per
795 2466 945 2552 peccaturi
958 2500 1026 2541 vero

66 2574 105 2632 ab
130 2571 183 2630 illo
199 2575 277 2630 statu
291 2569 408 2642 decidit,
425 2573 455 2629 et
475 2569 554 2630 illico
575 2571 653 2630 omni
672 2572 846 2634 facultatum
867 2579 1027 2642 elevatione

64 2673 189 2731 orbatus
213 2675 264 2743 est,
288 2689 352 2746 quae
377 2670 404 2728 11
428 2671 463 2729 ab
486 2669 572 2729 initio
592 2671 702 2732 ratione
722 2673 880 2736 universali
899 2678 1028 2742 indebita

64 2771 128 2830 fuit
144 2773 260 2849 (utpote
273 2770 349 2828 nulli
363 2775 501 2829 creaturae
515 2771 635 2849 debita),
646 2791 723 2832 nunc
737 2779 834 2834 autem
848 2777 906 2838 alia
919 2785 948 2840 et
961 2802 1027 2859 per-

64 2868 165 2930 sonali
191 2867 303 2928 ratione
325 2867 465 2928 indebita.
507 2870 589 2929 Deus
612 2877 709 2931 autem
730 2874 845 2936 infinite
869 2879 1030 2943 misericors

65 2967 202 3030 decrevit
221 2987 288 3028 eum
310 2967 342 3027 in
356 2971 464 3028 statum
478 2969 643 3046 pristinum,
665 2972 720 3031 etsi
733 2993 791 3033 non
811 2976 957 3055 integrum
977 3001 1030 3042 nec

64 3075 173 3135 eadem
185 3071 258 3149 lege,
274 3071 437 3132 restituere.
479 3075 517 3132 In
530 3073 585 3132 lroc
600 3078 681 3134 statu
694 3083 791 3138 nostro
804 3080 884 3159 lapso
898 3091 1028 3162 reparato

69 3176 114 3247 10,
131 3175 239 3251 (sermo
253 3175 297 3232 est
310 3171 346 3232 de
360 3171 478 3243 adultis,
495 3173 563 3250 quia
583 3173 606 3231 ii
619 3175 672 3233 ooli
692 3177 845 3240 facultates
867 3203 933 3244 suas
946 3205 1029 3246 exer·

64 3293 135 3334 cere
148 3271 263 3347 valant)
277 3272 358 3331 Deus
373 3271 423 3332 dat
437 3271 544 3346 gratias
558 3274 691 3335 omnibus
711 3279 853 3354 fidelibus,
869 3285 1028 3360 praesertim

61 3370 168 3454 justis,
184 3371 232 3430 vel
251 3371 383 3448 proxime
396 3371 444 3430 vel
458 3375 567 3432 remote
581 3375 764 3451 sufficientes,
782 3380 890 3456 quibus
909 3395 1030 3460 possunt

64 3474 169 3537 omnia
194 3494 279 3550 opera
303 3474 440 3534 salutaria
460 3478 628 3550 necessaria,
653 3484 683 3538 et
706 3481 762 3540 alia
783 3485 877 3544 multa
898 3493 1027 3568 exsequi.

66 3577 116 3636 2⁰.
131 3573 175 3634 Iis
189 3575 240 3652 qni
253 3593 311 3633 nou
324 3575 432 3634 habent
445 3575 531 3636 fidem
546 3577 596 3637 dat
609 3580 719 3640 auxilia
732 3583 833 3642 saltem
847 3588 1030 3650 medicinalia

65 3677 239 3754 opportuna
252 3673 288 3733 ad
302 3694 387 3752 opera
401 3675 550 3741 moraliter
563 3680 639 3739 bona
652 3685 823 3758 praestanda.
867 3687 908 3745 30.
937 3689 968 3749 Si
982 3692 1029 3751 his

535 3779 574 3835 5s
