2402 4292
174 395 240 461 350
552 371 609 442 De
625 367 762 442 Gratia
995 370 1089 461 [orsa.
1101 395 1123 438 n

173 543 339 623 baptizatus
362 542 460 617 fuerit,
485 543 584 604 salvus
607 541 685 602 erit:
711 539 765 619 qni
787 561 859 602 vero
883 560 948 601 non
976 541 1126 612 crediderit,

174 643 444 707 condemnabitur.'’
486 644 577 705 Marc.
600 643 663 704 xvi.
681 647 727 713 15,
754 647 801 704 16.
845 644 954 704 Sermo
975 649 1024 705 cest
1042 643 1128 704 bicde

174 745 232 805 fide
253 763 319 824 quse
342 749 387 806 est
412 745 539 806 conditio
566 764 618 805 seu
641 743 792 823 dispositio
818 746 858 805 ad
880 745 1129 824 justificationem.

174 845 261 906 Fides
274 849 381 921 autem,
395 845 431 906 de
443 865 502 924 qne
513 844 562 905 bio
575 864 669 906 sermo
681 848 735 917 est,
755 845 829 905 fides
843 848 891 906 est
904 865 970 924 qna
983 845 1132 906 mednntnr

173 945 271 1005 omnia
289 945 419 1006 revelata
431 965 449 1006 a
461 946 533 1020 Deo,
555 963 743 1023 nequaquam
755 944 866 1004 fiducia
879 943 1019 1022 propriae
1035 944 1132 1023 justiti·

173 1043 305 1105 cationis.
345 1044 442 1124 Major
464 1045 613 1123 probetur.
658 1044 699 1106 10.
725 1043 816 1112 “Qui
838 1043 1023 1118 crediderit,
1051 1044 1136 1104 salros

173 1143 248 1205 est.'’
291 1145 356 1204 Hac
375 1144 468 1204 forma
480 1145 644 1217 verborum,
666 1162 704 1203 ex
724 1162 782 1203 nsu
801 1143 952 1220 loquendi
970 1143 1136 1214 nniremli.

172 1243 351 1324 significatur
363 1243 451 1305 fidem
464 1263 525 1304 esse
538 1241 733 1304 conditionem
747 1243 890 1321 (comm,
901 1243 1135 1322 dispositionn,

172 1344 315 1422 medium)
336 1343 374 1404 ed
393 1343 517 1405 salutem
536 1343 699 1404 habendam
723 1343 786 1421 (bic
799 1341 975 1402 inchoatam
989 1343 1027 1404 in
1035 1343 1135 1421 justifi-

172 1441 294 1516 catione,
309 1443 428 1522 posthac
441 1443 694 1504 consummandam
709 1442 742 1501 in
751 1441 869 1520 gloria).
906 1443 1068 1521 Exempla
1077 1449 1136 1502 sunt

172 1543 326 1604 innumera
347 1542 380 1603 in
411 1543 566 1622 Scriptura
589 1546 619 1604 et
647 1541 856 1609 extrar—Qui
877 1541 962 1604 bibit
990 1543 1137 1620 extinguit

173 1643 345 1723 sitim-qui
358 1643 455 1704 studio
465 1643 609 1705 incumbit
621 1643 673 1704 fiet
686 1644 852 1704 doctus-“
863 1642 917 1722 qni
927 1643 1015 1722 petit
1026 1643 1136 1722 accipit

173 1747 203 1805 et
213 1745 265 1822 qui
274 1744 380 1823 quaerit
392 1743 524 1805 invenit'
536 1745 656 1824 (Metth.
671 1743 722 1804 vii.
737 1741 835 1821 8)-“
846 1743 899 1821 qui
910 1763 944 1804 se
955 1745 1077 1805 exaltat
1085 1744 1136 1802 hn-

172 1845 346 1918 miliabitur‚
358 1849 389 1908 et
398 1845 450 1923 qni
460 1865 490 1907 se
502 1845 641 1906 humiliat
653 1844 850 1905 exaltabitur''
865 1844 959 1922 (Luc.
976 1847 1068 1906 xviii.
1080 1847 1136 1920 14).

173 1945 215 2006 2⁰.
249 1946 334 2008 Idem
362 1946 455 2006 forma
487 1946 623 2024 negativa
655 1943 872 2022 significantius
906 1945 1136 2006 declaratur:-

175 2049 195 2079 “
205 2045 263 2112 Qui
276 2065 335 2105 non
349 2044 505 2106 crediderit
518 2043 785 2105 condemnabitur.”
826 2043 903 2122 Ejus
916 2045 974 2122 qui
987 2065 1052 2106 non
1065 2045 1135 2106 bibit
1184 2071 1185 2074 ¹

172 2145 236 2206 sitis
248 2164 308 2206 non
320 2145 603 2225 extinguetur-qui
616 2145 714 2206 studio
726 2164 787 2206 non
795 2145 945 2206 incumbit
957 2146 1068 2208 doctus
1080 2165 1132 2208 non

172 2243 291 2306 erit—“
302 2247 328 2306 si
340 2246 550 2325 poenitentiam
569 2265 628 2306 non
647 2244 774 2323 egeritis,
790 2265 890 2306 omnes
904 2244 1052 2308 similiter
1061 2245 1133 2326 peri·

170 2345 241 2408 bitis
255 2346 341 2425 (Luc.
355 2345 420 2407 xiii.
436 2348 479 2424 5).

211 2451 238 2507 4.
258 2447 401 2507 Probatur
420 2445 524 2506 minor.
567 2429 754 2505 “Prndicate
773 2444 1132 2525 evangelium—quiere·
1184 2429 1185 2436 ἵ

171 2545 307 2606 diderit.’'
349 2544 409 2613 uui
431 2544 586 2606 crediderit
606 2543 702 2623 quid?
742 2544 802 2612 Qui
824 2544 984 2606 crediderit
1005 2563 1063 2604 sna
1079 2543 1134 2604 sibi

171 2651 289 2722 peccata
307 2643 428 2718 remitti,
450 2663 509 2703 non
521 2643 754 2723 imputari—qui
764 2644 905 2704 fiduciam
918 2644 1062 2705 habuerit
1074 2663 1133 2704 sae
1184 2659 1185 2672 ¹

168 2743 413 2824 justificationis?
452 2743 595 2802 Minime:
619 2743 669 2802 sed
690 2743 743 2821 qni
763 2743 924 2804 crediderit
945 2744 1133 2822 evangelium

172 2845 229 2904 sibi
241 2845 438 2921 predicatum,
455 2848 485 2904 et
495 2847 531 2904 at
541 2842 675 2904 credatur
688 2842 744 2903 sibi
757 2843 799 2903 sio
812 2842 1005 2921 propositum.
1044 2843 1130 2910 Quic-

173 2942 246 3021 quid
263 2946 362 3003 autem
382 2942 432 3002 hio
451 2942 513 3002 illic
531 2961 584 3020 per
604 2943 786 3019 evangelium
803 2942 914 3020 tropice
935 2941 1128 3019 significetur,

172 3043 360 3106 manifestum
382 3048 427 3104 est
446 3043 478 3103 in
497 3044 552 3104 hoc
571 3043 634 3104 loco
649 3042 806 3121 significari
818 3042 991 3120 religionem
1006 3043 1129 3104 Obristi·

173 3165 267 3219 enam,
283 3163 387 3222 corpus
397 3143 565 3220 dogmatum
573 3148 603 3204 et
611 3143 797 3204 officiornma
807 3143 922 3204 cbristo
932 3135 1130 3204 revelatorum

173 3247 263 3322 (conf.
275 3244 382 3304 Matth.
391 3242 497 3303 xxviii.
513 3247 558 3318 19,
572 3246 634 3318 20),
648 3244 785 3305 universo
798 3243 917 3316 mundo,
930 3261 999 3303 cnm
1011 3243 1132 3304 motivis

174 3343 387 3413 credibilitatis,
413 3342 637 3420 predicandum.
678 3344 728 3404 Itu
752 3341 822 3403 huic
844 3343 961 3402 muneri
988 3341 1131 3402 satisfecit

173 3447 288 3517 Petrus,
302 3443 345 3504 ite
358 3443 476 3516 Paulus,
497 3440 541 3502 ite
554 3443 719 3522 Philippus,
735 3445 802 3504 Act.
811 3441 844 3504 ii.
862 3447 908 3516 14,
927 3445 978 3502 dre.
995 3442 1063 3502 xiii.
1082 3447 1127 3514 16,
1184 3519 1185 3532 χ

173 3548 224 3606 dc.
238 3545 303 3606 viii.
318 3547 366 3617 27,
383 3545 434 3603 &a
716 3595 729 3619 ,

215 3650 243 3703 5.
266 3647 480 3704 Aneonrrron
493 3643 540 3704 II.
571 3648 591 3679 “
603 3642 680 3711 Quia
693 3641 795 3705 vidisti
814 3661 871 3718 me,
892 3643 1013 3717 Thomu,
1034 3641 1126 3704 credi-
