<?xml version="1.0" encoding="UTF-8"?>
<!DOCTYPE html PUBLIC "-//W3C//DTD XHTML 1.0 Transitional//EN"
    "http://www.w3.org/TR/xhtml1/DTD/xhtml1-transitional.dtd">
<html xmlns="http://www.w3.org/1999/xhtml" xml:lang="en" lang="en">
 <head>
  <title>
</title>
<meta http-equiv="Content-Type" content="text/html;charset=utf-8" />
  <meta name='ocr-system' content='tesseract 3.04.00' />
  <meta name='ocr-capabilities' content='ocr_page ocr_carea ocr_par ocr_line ocrx_word'/>
</head>
<body>
  <div class='ocr_page' id='page_1' title='image "./tractatusdegrat00murrgoog_0057.png"; bbox 0 0 2410 4314; ppageno 0'>
   <div class='ocr_carea' id='block_1_1' title="bbox 187 373 1143 463">
    <p class='ocr_par' dir='ltr' id='par_1_1' title="bbox 187 373 1143 463">
     <span class='ocr_line' id='line_1_1' title="bbox 187 373 1143 463; baseline 0.001 -21"><span class='ocrx_word' id='word_1_1' title='bbox 187 397 227 458; x_wconf 87' lang='lat'><strong>42</strong></span> <span class='ocrx_word' id='word_1_2' title='bbox 552 376 607 442; x_wconf 85' lang='lat' dir='ltr'><strong>De</strong></span> <span class='ocrx_word' id='word_1_3' title='bbox 631 373 760 442; x_wconf 73' lang='lat' dir='ltr'><strong>Gratz‘a.</strong></span> <span class='ocrx_word' id='word_1_4' title='bbox 985 379 1091 463; x_wconf 77' lang='lat' dir='ltr'><strong>[orer.</strong></span> <span class='ocrx_word' id='word_1_5' title='bbox 1108 399 1143 443; x_wconf 90' lang='lat'><strong>11.</strong></span> 
     </span>
    </p>
   </div>
   <div class='ocr_carea' id='block_1_2' title="bbox 82 541 1145 604">
    <p class='ocr_par' dir='ltr' id='par_1_2' title="bbox 82 541 1145 604">
     <span class='ocr_line' id='line_1_2' title="bbox 82 541 1145 604; baseline 0.005 -5"><span class='ocrx_word' id='word_1_6' title='bbox 82 563 84 568; x_wconf 68' lang='grc'>’</span> <span class='ocrx_word' id='word_1_7' title='bbox 186 541 304 601; x_wconf 88' lang='lat' dir='ltr'><strong>minime</strong></span> <span class='ocrx_word' id='word_1_8' title='bbox 323 542 405 600; x_wconf 83' lang='lat' dir='ltr'><strong>deret</strong></span> <span class='ocrx_word' id='word_1_9' title='bbox 423 541 536 601; x_wconf 91' lang='lat' dir='ltr'><strong>diabolo</strong></span> <span class='ocrx_word' id='word_1_10' title='bbox 557 548 591 602; x_wconf 91' lang='lat' dir='ltr'><strong>ut</strong></span> <span class='ocrx_word' id='word_1_11' title='bbox 612 563 680 602; x_wconf 91' lang='lat' dir='ltr'><strong>eum</strong></span> <span class='ocrx_word' id='word_1_12' title='bbox 702 547 829 603; x_wconf 85' lang='lat' dir='ltr'><strong>tentaret</strong></span> <span class='ocrx_word' id='word_1_13' title='bbox 849 543 1034 604; x_wconf 84' lang='lat' dir='ltr'><strong>licentiam.’&#39;</strong></span> <span class='ocrx_word' id='word_1_14' title='bbox 1078 545 1145 604; x_wconf 72' lang='lat' dir='ltr'><strong>sm</strong></span> 
     </span>
    </p>
   </div>
   <div class='ocr_carea' id='block_1_3' title="bbox 186 643 1180 2838">
    <p class='ocr_par' dir='ltr' id='par_1_3' title="bbox 186 643 1148 918">
     <span class='ocr_line' id='line_1_3' title="bbox 186 643 1147 705; baseline 0.004 -5"><span class='ocrx_word' id='word_1_15' title='bbox 186 661 276 702; x_wconf 65' lang='lat' dir='ltr'><strong>narr.</strong></span> <span class='ocrx_word' id='word_1_16' title='bbox 292 663 321 702; x_wconf 93' lang='lat' dir='ltr'><strong>n.</strong></span> <span class='ocrx_word' id='word_1_17' title='bbox 336 643 405 704; x_wconf 90' lang='grc'><strong>256.</strong></span> <span class='ocrx_word' id='word_1_18' title='bbox 446 644 577 703; x_wconf 80' lang='lat' dir='ltr'>Eandem</span> <span class='ocrx_word' id='word_1_19' title='bbox 599 643 771 703; x_wconf 86' lang='lat' dir='ltr'><strong>sententiam</strong></span> <span class='ocrx_word' id='word_1_20' title='bbox 795 651 830 702; x_wconf 89' lang='lat' dir='ltr'><strong>ut</strong></span> <span class='ocrx_word' id='word_1_21' title='bbox 852 644 1048 704; x_wconf 87' lang='lat' dir='ltr'><strong>verisimilem</strong></span> <span class='ocrx_word' id='word_1_22' title='bbox 1070 650 1147 705; x_wconf 85' lang='lat' dir='ltr'><strong>tenet</strong></span> 
     </span>
     <span class='ocr_line' id='line_1_4' title="bbox 187 727 1148 822; baseline 0.003 -21"><span class='ocrx_word' id='word_1_23' title='bbox 187 744 309 814; x_wconf 76' lang='lat' dir='ltr'><strong>Sorrnz,</strong></span> <span class='ocrx_word' id='word_1_24' title='bbox 324 743 373 802; x_wconf 87' lang='lat' dir='ltr'><strong>sed</strong></span> <span class='ocrx_word' id='word_1_25' title='bbox 389 743 476 818; x_wconf 87' lang='lat' dir='ltr'><strong>paulo</strong></span> <span class='ocrx_word' id='word_1_26' title='bbox 493 727 682 816; x_wconf 79' lang='lat' dir='ltr'><strong>haeritantior,</strong></span> <span class='ocrx_word' id='word_1_27' title='bbox 697 748 731 802; x_wconf 90' lang='lat' dir='ltr'><strong>ut</strong></span> <span class='ocrx_word' id='word_1_28' title='bbox 749 764 787 803; x_wconf 88' lang='lat' dir='ltr'><strong>ex</strong></span> <span class='ocrx_word' id='word_1_29' title='bbox 807 743 947 821; x_wconf 90' lang='lat' dir='ltr'><strong>inspectis</strong></span> <span class='ocrx_word' id='word_1_30' title='bbox 964 744 1043 803; x_wconf 85' lang='lat' dir='ltr'><strong>loeis</strong></span> <span class='ocrx_word' id='word_1_31' title='bbox 1061 765 1148 822; x_wconf 83' lang='lat' dir='ltr'><strong>snpra</strong></span> 
     </span>
     <span class='ocr_line' id='line_1_5' title="bbox 188 841 454 918; baseline 0.004 -19"><span class='ocrx_word' id='word_1_32' title='bbox 188 841 321 901; x_wconf 90' lang='lat' dir='ltr'><strong>indicatis</strong></span> <span class='ocrx_word' id='word_1_33' title='bbox 335 842 454 918; x_wconf 84' lang='lat' dir='ltr'><strong>patebit.</strong></span> 
     </span>
    </p>

    <p class='ocr_par' dir='ltr' id='par_1_4' title="bbox 186 943 1180 2838">
     <span class='ocr_line' id='line_1_6' title="bbox 228 943 1148 1020; baseline 0.002 -20"><span class='ocrx_word' id='word_1_34' title='bbox 228 944 300 1004; x_wconf 69' lang='lat'>⁴⁶81.</span> <span class='ocrx_word' id='word_1_35' title='bbox 324 944 356 1002; x_wconf 82' lang='lat' dir='ltr'><strong>Si</strong></span> <span class='ocrx_word' id='word_1_36' title='bbox 372 963 439 1004; x_wconf 87' lang='lat' dir='ltr'><strong>vera</strong></span> <span class='ocrx_word' id='word_1_37' title='bbox 451 943 491 1003; x_wconf 91' lang='lat' dir='ltr'><strong>sit</strong></span> <span class='ocrx_word' id='word_1_38' title='bbox 504 943 556 1004; x_wconf 90' lang='lat' dir='ltr'><strong>illa</strong></span> <span class='ocrx_word' id='word_1_39' title='bbox 570 944 721 1016; x_wconf 84' lang='lat' dir='ltr'><strong>sententia,</strong></span> <span class='ocrx_word' id='word_1_40' title='bbox 737 963 928 1020; x_wconf 83' lang='lat' dir='ltr'><strong>permagnum</strong></span> <span class='ocrx_word' id='word_1_41' title='bbox 942 963 1015 1004; x_wconf 88' lang='lat' dir='ltr'><strong>sane</strong></span> <span class='ocrx_word' id='word_1_42' title='bbox 1030 950 1079 1005; x_wconf 90' lang='lat' dir='ltr'><strong>est</strong></span> <span class='ocrx_word' id='word_1_43' title='bbox 1093 946 1148 1004; x_wconf 89' lang='lat' dir='ltr'><strong>dis·</strong></span> 
     </span>
     <span class='ocr_line' id='line_1_7' title="bbox 188 1045 1148 1124; baseline 0.003 -22"><span class='ocrx_word' id='word_1_44' title='bbox 188 1045 296 1102; x_wconf 84' lang='lat' dir='ltr'><strong>crimen</strong></span> <span class='ocrx_word' id='word_1_45' title='bbox 318 1065 355 1104; x_wconf 86' lang='lat' dir='ltr'><strong>ex</strong></span> <span class='ocrx_word' id='word_1_46' title='bbox 377 1047 431 1105; x_wconf 91' lang='lat' dir='ltr'><strong>hoc</strong></span> <span class='ocrx_word' id='word_1_47' title='bbox 453 1047 512 1105; x_wconf 88' lang='lat' dir='ltr'><strong>solo</strong></span> <span class='ocrx_word' id='word_1_48' title='bbox 533 1047 627 1124; x_wconf 86' lang='lat' dir='ltr'><strong>eapite</strong></span> <span class='ocrx_word' id='word_1_49' title='bbox 648 1047 725 1106; x_wconf 87' lang='lat' dir='ltr'><strong>inter</strong></span> <span class='ocrx_word' id='word_1_50' title='bbox 745 1050 854 1105; x_wconf 87' lang='lat' dir='ltr'><strong>statum</strong></span> <span class='ocrx_word' id='word_1_51' title='bbox 877 1050 989 1106; x_wconf 81' lang='lat' dir='ltr'><strong>naturae</strong></span> <span class='ocrx_word' id='word_1_52' title='bbox 1012 1067 1103 1123; x_wconf 78' lang='lat' dir='ltr'><strong>purae</strong></span> <span class='ocrx_word' id='word_1_53' title='bbox 1122 1057 1148 1105; x_wconf 86' lang='lat' dir='ltr'><strong>et</strong></span> 
     </span>
     <span class='ocr_line' id='line_1_8' title="bbox 188 1147 1149 1208; baseline 0.002 -4"><span class='ocrx_word' id='word_1_54' title='bbox 188 1151 325 1207; x_wconf 81' lang='lat' dir='ltr'><strong>nostrum.</strong></span> <span class='ocrx_word' id='word_1_55' title='bbox 381 1149 420 1208; x_wconf 85' lang='lat'><strong>10.</strong></span> <span class='ocrx_word' id='word_1_56' title='bbox 450 1150 608 1207; x_wconf 89' lang='lat' dir='ltr'><strong>lmmanem</strong></span> <span class='ocrx_word' id='word_1_57' title='bbox 635 1167 696 1208; x_wconf 86' lang='lat' dir='ltr'><strong>esse</strong></span> <span class='ocrx_word' id='word_1_58' title='bbox 722 1167 780 1206; x_wconf 91' lang='lat' dir='ltr'><strong>non</strong></span> <span class='ocrx_word' id='word_1_59' title='bbox 803 1148 895 1207; x_wconf 90' lang='lat' dir='ltr'><strong>solum</strong></span> <span class='ocrx_word' id='word_1_60' title='bbox 922 1147 1076 1208; x_wconf 81' lang='lat' dir='ltr'><strong>malitiam</strong></span> <span class='ocrx_word' id='word_1_61' title='bbox 1102 1150 1149 1208; x_wconf 88' lang='lat' dir='ltr'><strong>sed</strong></span> 
     </span>
     <span class='ocr_line' id='line_1_9' title="bbox 187 1247 1148 1325; baseline 0.001 -19"><span class='ocrx_word' id='word_1_62' title='bbox 187 1247 274 1306; x_wconf 90' lang='lat' dir='ltr'><strong>etiam</strong></span> <span class='ocrx_word' id='word_1_63' title='bbox 288 1249 471 1309; x_wconf 75' lang='lat' dir='ltr'><strong>sedulitatem</strong></span> <span class='ocrx_word' id='word_1_64' title='bbox 485 1253 514 1308; x_wconf 90' lang='lat' dir='ltr'><strong>et</strong></span> <span class='ocrx_word' id='word_1_65' title='bbox 532 1248 720 1308; x_wconf 77' lang='lat' dir='ltr'><strong>calliditatem</strong></span> <span class='ocrx_word' id='word_1_66' title='bbox 740 1253 769 1308; x_wconf 91' lang='lat' dir='ltr'><strong>et</strong></span> <span class='ocrx_word' id='word_1_67' title='bbox 789 1249 948 1325; x_wconf 89' lang='lat' dir='ltr'><strong>potentiam</strong></span> <span class='ocrx_word' id='word_1_68' title='bbox 971 1249 1098 1319; x_wconf 89' lang='lat' dir='ltr'><strong>diaboli,</strong></span> <span class='ocrx_word' id='word_1_69' title='bbox 1114 1269 1148 1308; x_wconf 80' lang='lat' dir='ltr'><strong>er</strong></span> 
     </span>
     <span class='ocr_line' id='line_1_10' title="bbox 187 1350 1146 1428; baseline 0 -20"><span class='ocrx_word' id='word_1_70' title='bbox 187 1350 289 1410; x_wconf 89' lang='lat' dir='ltr'><strong>multis</strong></span> <span class='ocrx_word' id='word_1_71' title='bbox 309 1350 482 1411; x_wconf 70' lang='lat' dir='ltr'><strong>testimoniis</strong></span> <span class='ocrx_word' id='word_1_72' title='bbox 502 1351 658 1428; x_wconf 70' lang='lat' dir='ltr'><strong>Scripturas</strong></span> <span class='ocrx_word' id='word_1_73' title='bbox 675 1355 704 1410; x_wconf 83' lang='lat' dir='ltr'><strong>ct</strong></span> <span class='ocrx_word' id='word_1_74' title='bbox 722 1353 842 1410; x_wconf 84' lang='lat' dir='ltr'><strong>Petrum</strong></span> <span class='ocrx_word' id='word_1_75' title='bbox 864 1351 1059 1408; x_wconf 82' lang='lat' dir='ltr'><strong>manifestum</strong></span> <span class='ocrx_word' id='word_1_76' title='bbox 1087 1358 1146 1412; x_wconf 88' lang='lat' dir='ltr'><strong>est:</strong></span> 
     </span>
     <span class='ocr_line' id='line_1_11' title="bbox 188 1451 1146 1526; baseline -0.003 -17"><span class='ocrx_word' id='word_1_77' title='bbox 188 1451 257 1511; x_wconf 88' lang='lat' dir='ltr'><strong>Luc.</strong></span> <span class='ocrx_word' id='word_1_78' title='bbox 273 1451 348 1512; x_wconf 74' lang='lat' dir='ltr'><strong>xxii,</strong></span> <span class='ocrx_word' id='word_1_79' title='bbox 364 1459 391 1522; x_wconf 89' lang='lat'><strong>3,</strong></span> <span class='ocrx_word' id='word_1_80' title='bbox 409 1457 464 1525; x_wconf 81' lang='lat'><strong>31;</strong></span> <span class='ocrx_word' id='word_1_81' title='bbox 488 1454 505 1511; x_wconf 80' lang='grc'><strong>2</strong></span> <span class='ocrx_word' id='word_1_82' title='bbox 521 1451 586 1512; x_wconf 84' lang='lat' dir='ltr'><strong>(lor.</strong></span> <span class='ocrx_word' id='word_1_83' title='bbox 601 1451 642 1510; x_wconf 86' lang='lat' dir='ltr'><strong>xi.</strong></span> <span class='ocrx_word' id='word_1_84' title='bbox 662 1456 696 1510; x_wconf 83' lang='lat'><strong>14</strong></span> <span class='ocrx_word' id='word_1_85' title='bbox 706 1473 713 1523; x_wconf 90' lang='lat'>;</span> <span class='ocrx_word' id='word_1_86' title='bbox 734 1452 839 1526; x_wconf 88' lang='lat' dir='ltr'><strong>Ephes.</strong></span> <span class='ocrx_word' id='word_1_87' title='bbox 855 1451 894 1510; x_wconf 88' lang='lat' dir='ltr'><strong>vi.</strong></span> <span class='ocrx_word' id='word_1_88' title='bbox 915 1455 1024 1524; x_wconf 86' lang='lat'>10-17;</span> <span class='ocrx_word' id='word_1_89' title='bbox 1052 1455 1064 1508; x_wconf 96' lang='lat' dir='ltr'><strong>l</strong></span> <span class='ocrx_word' id='word_1_90' title='bbox 1085 1454 1146 1510; x_wconf 85' lang='lat' dir='ltr'><strong>Pet.</strong></span> 
     </span>
     <span class='ocr_line' id='line_1_12' title="bbox 188 1553 1148 1629; baseline 0.003 -21"><span class='ocrx_word' id='word_1_91' title='bbox 188 1571 215 1610; x_wconf 85' lang='lat' dir='ltr'><strong>v.</strong></span> <span class='ocrx_word' id='word_1_92' title='bbox 231 1557 261 1626; x_wconf 84' lang='lat'><strong>83</strong></span> <span class='ocrx_word' id='word_1_93' title='bbox 278 1557 339 1624; x_wconf 77' lang='lat' dir='ltr'><strong>dcc,</strong></span> <span class='ocrx_word' id='word_1_94' title='bbox 354 1557 404 1614; x_wconf 79' lang='lat' dir='ltr'><strong>&amp;a</strong></span> <span class='ocrx_word' id='word_1_95' title='bbox 448 1557 491 1614; x_wconf 75' lang='lat'><strong>20.</strong></span> <span class='ocrx_word' id='word_1_96' title='bbox 511 1553 656 1612; x_wconf 81' lang='lat' dir='ltr'><strong>Doctrinae</strong></span> <span class='ocrx_word' id='word_1_97' title='bbox 672 1553 701 1612; x_wconf 83' lang='lat' dir='ltr'><strong>S.</strong></span> <span class='ocrx_word' id='word_1_98' title='bbox 717 1554 834 1612; x_wconf 74' lang='lat' dir='ltr'><strong>Troum</strong></span> <span class='ocrx_word' id='word_1_99' title='bbox 849 1553 890 1628; x_wconf 88' lang='lat' dir='ltr'><strong>(l.</strong></span> <span class='ocrx_word' id='word_1_100' title='bbox 907 1573 936 1629; x_wconf 91' lang='lat' dir='ltr'><strong>q.</strong></span> <span class='ocrx_word' id='word_1_101' title='bbox 954 1557 1024 1623; x_wconf 82' lang='lat'><strong>114,</strong></span> <span class='ocrx_word' id='word_1_102' title='bbox 1042 1573 1069 1612; x_wconf 85' lang='lat' dir='ltr'><strong>a.</strong></span> <span class='ocrx_word' id='word_1_103' title='bbox 1088 1559 1107 1610; x_wconf 84' lang='grc'><strong>3</strong></span> <span class='ocrx_word' id='word_1_104' title='bbox 1122 1559 1148 1611; x_wconf 90' lang='lat' dir='ltr'><strong>et</strong></span> 
     </span>
     <span class='ocr_line' id='line_1_13' title="bbox 191 1653 1180 1732; baseline 0.002 -22"><span class='ocrx_word' id='word_1_105' title='bbox 191 1657 216 1711; x_wconf 91' lang='grc'><strong>1.</strong></span> <span class='ocrx_word' id='word_1_106' title='bbox 233 1658 260 1711; x_wconf 86' lang='grc'><strong>2.</strong></span> <span class='ocrx_word' id='word_1_107' title='bbox 276 1675 305 1731; x_wconf 89' lang='lat' dir='ltr'><strong>q.</strong></span> <span class='ocrx_word' id='word_1_108' title='bbox 322 1660 368 1728; x_wconf 88' lang='lat'><strong>80,</strong></span> <span class='ocrx_word' id='word_1_109' title='bbox 385 1675 409 1714; x_wconf 83' lang='lat' dir='ltr'><strong>a.</strong></span> <span class='ocrx_word' id='word_1_110' title='bbox 425 1656 467 1732; x_wconf 84' lang='lat'><strong>4),</strong></span> <span class='ocrx_word' id='word_1_111' title='bbox 487 1674 590 1730; x_wconf 88' lang='lat' dir='ltr'><strong>nempe</strong></span> <span class='ocrx_word' id='word_1_112' title='bbox 607 1673 666 1712; x_wconf 92' lang='lat' dir='ltr'><strong>non</strong></span> <span class='ocrx_word' id='word_1_113' title='bbox 684 1654 776 1712; x_wconf 79' lang='lat' dir='ltr'><strong>omnic</strong></span> <span class='ocrx_word' id='word_1_114' title='bbox 792 1653 945 1710; x_wconf 92' lang='lat' dir='ltr'><strong>hominum</strong></span> <span class='ocrx_word' id='word_1_115' title='bbox 967 1658 1095 1728; x_wconf 88' lang='lat' dir='ltr'><strong>peccata</strong></span> <span class='ocrx_word' id='word_1_116' title='bbox 1114 1674 1147 1712; x_wconf 86' lang='lat' dir='ltr'><strong>ex</strong></span> <span class='ocrx_word' id='word_1_117' title='bbox 1179 1715 1180 1720; x_wconf 8' lang='grc' dir='ltr'>χ</span> 
     </span>
     <span class='ocr_line' id='line_1_14' title="bbox 188 1753 1147 1832; baseline 0 -20"><span class='ocrx_word' id='word_1_118' title='bbox 188 1758 370 1830; x_wconf 81' lang='lat' dir='ltr'><strong>suggestione</strong></span> <span class='ocrx_word' id='word_1_119' title='bbox 380 1756 486 1815; x_wconf 89' lang='lat' dir='ltr'><strong>diaboli</strong></span> <span class='ocrx_word' id='word_1_120' title='bbox 493 1755 566 1828; x_wconf 88' lang='lat' dir='ltr'><strong>fieri,</strong></span> <span class='ocrx_word' id='word_1_121' title='bbox 577 1775 759 1832; x_wconf 85' lang='lat' dir='ltr'><strong>nequaquam</strong></span> <span class='ocrx_word' id='word_1_122' title='bbox 770 1755 938 1813; x_wconf 81' lang='lat' dir='ltr'><strong>adversatur</strong></span> <span class='ocrx_word' id='word_1_123' title='bbox 947 1753 1001 1812; x_wconf 84' lang='lat' dir='ltr'><strong>ille</strong></span> <span class='ocrx_word' id='word_1_124' title='bbox 1013 1755 1147 1830; x_wconf 89' lang='lat' dir='ltr'><strong>plurium</strong></span> 
     </span>
     <span class='ocr_line' id='line_1_15' title="bbox 188 1854 1148 1932; baseline 0.002 -19"><span class='ocrx_word' id='word_1_125' title='bbox 188 1854 308 1914; x_wconf 83' lang='lat' dir='ltr'><strong>Petrum</strong></span> <span class='ocrx_word' id='word_1_126' title='bbox 322 1861 351 1916; x_wconf 90' lang='lat' dir='ltr'><strong>et</strong></span> <span class='ocrx_word' id='word_1_127' title='bbox 363 1857 559 1932; x_wconf 86' lang='lat' dir='ltr'><strong>theologorum</strong></span> <span class='ocrx_word' id='word_1_128' title='bbox 575 1859 725 1928; x_wconf 86' lang='lat' dir='ltr'><strong>sententia,</strong></span> <span class='ocrx_word' id='word_1_129' title='bbox 742 1873 807 1932; x_wconf 80' lang='lat' dir='ltr'><strong>quae</strong></span> <span class='ocrx_word' id='word_1_130' title='bbox 821 1855 944 1913; x_wconf 86' lang='lat' dir='ltr'><strong>affirmat</strong></span> <span class='ocrx_word' id='word_1_131' title='bbox 955 1855 1075 1914; x_wconf 86' lang='lat' dir='ltr'><strong>nullam</strong></span> <span class='ocrx_word' id='word_1_132' title='bbox 1090 1876 1148 1915; x_wconf 83' lang='lat' dir='ltr'><strong>esse</strong></span> 
     </span>
     <span class='ocr_line' id='line_1_16' title="bbox 186 1955 1148 2041; baseline -0.001 -26"><span class='ocrx_word' id='word_1_133' title='bbox 186 1976 297 2033; x_wconf 72' lang='lat' dir='ltr'><strong>procem</strong></span> <span class='ocrx_word' id='word_1_134' title='bbox 310 1957 499 2041; x_wconf 83' lang='lat' dir='ltr'><strong>tentationem</strong></span> <span class='ocrx_word' id='word_1_135' title='bbox 514 1957 563 2017; x_wconf 90' lang='lat' dir='ltr'><strong>oui</strong></span> <span class='ocrx_word' id='word_1_136' title='bbox 577 1977 606 2017; x_wconf 92' lang='lat' dir='ltr'><strong>se</strong></span> <span class='ocrx_word' id='word_1_137' title='bbox 620 1977 678 2016; x_wconf 91' lang='lat' dir='ltr'><strong>non</strong></span> <span class='ocrx_word' id='word_1_138' title='bbox 691 1956 861 2029; x_wconf 83' lang='lat' dir='ltr'><strong>immisceat,</strong></span> <span class='ocrx_word' id='word_1_139' title='bbox 876 1955 924 2014; x_wconf 87' lang='lat' dir='ltr'><strong>vel</strong></span> <span class='ocrx_word' id='word_1_140' title='bbox 938 1955 1115 2017; x_wconf 89' lang='lat' dir='ltr'><strong>immediate</strong></span> <span class='ocrx_word' id='word_1_141' title='bbox 1123 1963 1148 2015; x_wconf 89' lang='lat' dir='ltr'><strong>et</strong></span> 
     </span>
     <span class='ocr_line' id='line_1_17' title="bbox 190 2055 1146 2138; baseline -0.001 -21"><span class='ocrx_word' id='word_1_142' title='bbox 190 2078 240 2138; x_wconf 89' lang='lat' dir='ltr'><strong>per</strong></span> <span class='ocrx_word' id='word_1_143' title='bbox 254 2079 292 2130; x_wconf 90' lang='lat' dir='ltr'><strong>se,</strong></span> <span class='ocrx_word' id='word_1_144' title='bbox 308 2059 356 2118; x_wconf 87' lang='lat' dir='ltr'><strong>vel</strong></span> <span class='ocrx_word' id='word_1_145' title='bbox 369 2059 493 2118; x_wconf 89' lang='lat' dir='ltr'><strong>mediate</strong></span> <span class='ocrx_word' id='word_1_146' title='bbox 508 2058 662 2118; x_wconf 86' lang='lat' dir='ltr'><strong>excitando</strong></span> <span class='ocrx_word' id='word_1_147' title='bbox 676 2059 766 2116; x_wconf 91' lang='lat' dir='ltr'><strong>malos</strong></span> <span class='ocrx_word' id='word_1_148' title='bbox 779 2057 927 2116; x_wconf 67' lang='lat' dir='ltr'><strong>hominess</strong></span> <span class='ocrx_word' id='word_1_149' title='bbox 944 2055 1003 2116; x_wconf 87' lang='lat' dir='ltr'><strong>vid.</strong></span> <span class='ocrx_word' id='word_1_150' title='bbox 1019 2057 1146 2128; x_wconf 75' lang='lat' dir='ltr'><strong>Scurra,</strong></span> 
     </span>
     <span class='ocr_line' id='line_1_18' title="bbox 189 2157 1146 2237; baseline 0 -19"><span class='ocrx_word' id='word_1_151' title='bbox 189 2159 225 2218; x_wconf 91' lang='lat' dir='ltr'><strong>de</strong></span> <span class='ocrx_word' id='word_1_152' title='bbox 240 2160 368 2237; x_wconf 80' lang='lat' dir='ltr'><strong>Angelis,</strong></span> <span class='ocrx_word' id='word_1_153' title='bbox 381 2161 400 2220; x_wconf 88' lang='lat' dir='ltr'><strong>l.</strong></span> <span class='ocrx_word' id='word_1_154' title='bbox 417 2165 442 2231; x_wconf 89' lang='lat'><strong>8,</strong></span> <span class='ocrx_word' id='word_1_155' title='bbox 458 2180 482 2220; x_wconf 91' lang='lat' dir='ltr'><strong>c.</strong></span> <span class='ocrx_word' id='word_1_156' title='bbox 503 2165 546 2230; x_wconf 90' lang='lat'><strong>19,</strong></span> <span class='ocrx_word' id='word_1_157' title='bbox 561 2181 589 2218; x_wconf 92' lang='lat' dir='ltr'><strong>n.</strong></span> <span class='ocrx_word' id='word_1_158' title='bbox 607 2165 653 2232; x_wconf 87' lang='grc'><strong>25,</strong></span> <span class='ocrx_word' id='word_1_159' title='bbox 669 2161 701 2218; x_wconf 91' lang='lat' dir='ltr'><strong>in</strong></span> <span class='ocrx_word' id='word_1_160' title='bbox 714 2160 788 2232; x_wconf 88' lang='lat' dir='ltr'><strong>fine;</strong></span> <span class='ocrx_word' id='word_1_161' title='bbox 805 2157 865 2218; x_wconf 85' lang='lat' dir='ltr'><strong>vid.</strong></span> <span class='ocrx_word' id='word_1_162' title='bbox 880 2161 911 2218; x_wconf 91' lang='lat' dir='ltr'><strong>et</strong></span> <span class='ocrx_word' id='word_1_163' title='bbox 923 2163 1146 2219; x_wconf 86' lang='lat' dir='ltr'><strong>commentario·</strong></span> 
     </span>
     <span class='ocr_line' id='line_1_19' title="bbox 189 2257 1148 2336; baseline 0 -19"><span class='ocrx_word' id='word_1_164' title='bbox 189 2259 252 2317; x_wconf 89' lang='lat' dir='ltr'><strong>lum</strong></span> <span class='ocrx_word' id='word_1_165' title='bbox 263 2279 280 2318; x_wconf 90' lang='lat' dir='ltr'><strong>a</strong></span> <span class='ocrx_word' id='word_1_166' title='bbox 292 2259 375 2318; x_wconf 92' lang='lat' dir='ltr'><strong>nobis</strong></span> <span class='ocrx_word' id='word_1_167' title='bbox 388 2260 513 2336; x_wconf 86' lang='lat' dir='ltr'><strong>Anglice</strong></span> <span class='ocrx_word' id='word_1_168' title='bbox 522 2261 660 2335; x_wconf 88' lang='lat' dir='ltr'><strong>scriptum</strong></span> <span class='ocrx_word' id='word_1_169' title='bbox 672 2260 707 2318; x_wconf 91' lang='lat' dir='ltr'><strong>de</strong></span> <span class='ocrx_word' id='word_1_170' title='bbox 717 2257 889 2334; x_wconf 67' lang='lat' dir='ltr'><strong>Spiritisma</strong></span> <span class='ocrx_word' id='word_1_171' title='bbox 902 2262 932 2316; x_wconf 90' lang='lat' dir='ltr'><strong>et</strong></span> <span class='ocrx_word' id='word_1_172' title='bbox 942 2257 974 2315; x_wconf 91' lang='lat' dir='ltr'><strong>in</strong></span> <span class='ocrx_word' id='word_1_173' title='bbox 987 2258 1148 2317; x_wconf 82' lang='lat' dir='ltr'><strong>Revisione</strong></span> 
     </span>
     <span class='ocr_line' id='line_1_20' title="bbox 190 2359 1147 2437; baseline 0.003 -21"><span class='ocrx_word' id='word_1_174' title='bbox 190 2359 344 2419; x_wconf 91' lang='lat' dir='ltr'><strong>Dubliensi</strong></span> <span class='ocrx_word' id='word_1_175' title='bbox 357 2360 469 2420; x_wconf 93' lang='lat' dir='ltr'><strong>editum</strong></span> <span class='ocrx_word' id='word_1_176' title='bbox 483 2359 603 2437; x_wconf 76' lang='lat' dir='ltr'><strong>(Dubiis</strong></span> <span class='ocrx_word' id='word_1_177' title='bbox 615 2361 730 2432; x_wconf 79' lang='lat' dir='ltr'><strong>Rcoc&#39;cw,</strong></span> <span class='ocrx_word' id='word_1_178' title='bbox 745 2359 893 2430; x_wconf 76' lang='lat' dir='ltr'><strong>N.S.,v01.</strong></span> <span class='ocrx_word' id='word_1_179' title='bbox 910 2363 938 2431; x_wconf 88' lang='grc'><strong>9,</strong></span> <span class='ocrx_word' id='word_1_180' title='bbox 952 2378 981 2434; x_wconf 90' lang='lat' dir='ltr'><strong>p.</strong></span> <span class='ocrx_word' id='word_1_181' title='bbox 998 2363 1070 2432; x_wconf 86' lang='grc'><strong>253,</strong></span> <span class='ocrx_word' id='word_1_182' title='bbox 1084 2363 1147 2430; x_wconf 70' lang='lat' dir='ltr'><strong>dra,</strong></span> 
     </span>
     <span class='ocr_line' id='line_1_21' title="bbox 191 2459 1149 2538; baseline 0 -20"><span class='ocrx_word' id='word_1_183' title='bbox 191 2460 323 2533; x_wconf 88' lang='lat' dir='ltr'><strong>October,</strong></span> <span class='ocrx_word' id='word_1_184' title='bbox 346 2461 447 2538; x_wconf 81' lang='lat'>1867).</span> <span class='ocrx_word' id='word_1_185' title='bbox 489 2461 532 2522; x_wconf 82' lang='lat'><strong>30.</strong></span> <span class='ocrx_word' id='word_1_186' title='bbox 562 2461 618 2519; x_wconf 86' lang='lat' dir='ltr'><strong>His</strong></span> <span class='ocrx_word' id='word_1_187' title='bbox 641 2461 713 2520; x_wconf 88' lang='lat' dir='ltr'><strong>adde</strong></span> <span class='ocrx_word' id='word_1_188' title='bbox 740 2461 909 2520; x_wconf 84' lang='lat' dir='ltr'><strong>servitutem</strong></span> <span class='ocrx_word' id='word_1_189' title='bbox 932 2459 965 2517; x_wconf 89' lang='lat' dir='ltr'><strong>in</strong></span> <span class='ocrx_word' id='word_1_190' title='bbox 986 2479 1058 2536; x_wconf 87' lang='lat' dir='ltr'><strong>qua,</strong></span> <span class='ocrx_word' id='word_1_191' title='bbox 1083 2467 1149 2537; x_wconf 90' lang='lat' dir='ltr'><strong>post</strong></span> 
     </span>
     <span class='ocr_line' id='line_1_22' title="bbox 189 2559 1147 2638; baseline 0.003 -21"><span class='ocrx_word' id='word_1_192' title='bbox 189 2559 314 2636; x_wconf 87' lang='lat' dir='ltr'><strong>lapsum;</strong></span> <span class='ocrx_word' id='word_1_193' title='bbox 330 2562 472 2620; x_wconf 85' lang='lat' dir='ltr'><strong>adiabolo</strong></span> <span class='ocrx_word' id='word_1_194' title='bbox 486 2561 639 2620; x_wconf 88' lang='lat' dir='ltr'><strong>tenebatur</strong></span> <span class='ocrx_word' id='word_1_195' title='bbox 656 2562 760 2632; x_wconf 88' lang='lat' dir='ltr'><strong>Adam,</strong></span> <span class='ocrx_word' id='word_1_196' title='bbox 777 2561 829 2638; x_wconf 89' lang='lat' dir='ltr'><strong>qui</strong></span> <span class='ocrx_word' id='word_1_197' title='bbox 847 2580 899 2636; x_wconf 88' lang='lat' dir='ltr'><strong>per</strong></span> <span class='ocrx_word' id='word_1_198' title='bbox 916 2560 1058 2618; x_wconf 87' lang='lat' dir='ltr'><strong>offensam</strong></span> <span class='ocrx_word' id='word_1_199' title='bbox 1072 2581 1147 2638; x_wconf 77' lang='lat' dir='ltr'><strong>pra·</strong></span> 
     </span>
     <span class='ocr_line' id='line_1_23' title="bbox 191 2661 1148 2738; baseline 0 -18"><span class='ocrx_word' id='word_1_200' title='bbox 191 2663 374 2728; x_wconf 85' lang='lat' dir='ltr'><strong>varicationis</strong></span> <span class='ocrx_word' id='word_1_201' title='bbox 387 2663 552 2721; x_wconf 82' lang='lat' dir='ltr'><strong>incurrebat</strong></span> <span class='ocrx_word' id='word_1_202' title='bbox 576 2668 594 2696; x_wconf 88' lang='lat'>“</span> <span class='ocrx_word' id='word_1_203' title='bbox 607 2683 673 2720; x_wconf 89' lang='lat' dir='ltr'><strong>oum</strong></span> <span class='ocrx_word' id='word_1_204' title='bbox 688 2668 778 2722; x_wconf 90' lang='lat' dir='ltr'><strong>morte</strong></span> <span class='ocrx_word' id='word_1_205' title='bbox 792 2661 990 2738; x_wconf 87' lang='lat' dir='ltr'><strong>captivitatem</strong></span> <span class='ocrx_word' id='word_1_206' title='bbox 1005 2662 1063 2720; x_wconf 89' lang='lat' dir='ltr'><strong>sub</strong></span> <span class='ocrx_word' id='word_1_207' title='bbox 1086 2663 1148 2738; x_wconf 87' lang='lat' dir='ltr'><strong>ejus</strong></span> 
     </span>
     <span class='ocr_line' id='line_1_24' title="bbox 192 2761 1146 2838; baseline 0.003 -20"><span class='ocrx_word' id='word_1_208' title='bbox 192 2766 341 2837; x_wconf 86' lang='lat' dir='ltr'><strong>potestate,</strong></span> <span class='ocrx_word' id='word_1_209' title='bbox 365 2762 415 2838; x_wconf 90' lang='lat' dir='ltr'><strong>qui</strong></span> <span class='ocrx_word' id='word_1_210' title='bbox 443 2761 543 2820; x_wconf 88' lang='lat' dir='ltr'><strong>mortis</strong></span> <span class='ocrx_word' id='word_1_211' title='bbox 571 2761 673 2820; x_wconf 87' lang='lat' dir='ltr'><strong>deinde</strong></span> <span class='ocrx_word' id='word_1_212' title='bbox 694 2761 798 2819; x_wconf 90' lang='lat' dir='ltr'><strong>habuit</strong></span> <span class='ocrx_word' id='word_1_213' title='bbox 819 2761 982 2837; x_wconf 88' lang='lat' dir='ltr'><strong>imperium,</strong></span> <span class='ocrx_word' id='word_1_214' title='bbox 1006 2761 1064 2820; x_wconf 91' lang='lat' dir='ltr'><strong>hoc</strong></span> <span class='ocrx_word' id='word_1_215' title='bbox 1093 2767 1146 2833; x_wconf 88' lang='lat' dir='ltr'><strong>est,</strong></span> 
     </span>
    </p>
   </div>
   <div class='ocr_carea' id='block_1_4' title="bbox 100 2861 806 2932">
    <p class='ocr_par' dir='ltr' id='par_1_5' title="bbox 100 2861 806 2932">
     <span class='ocr_line' id='line_1_25' title="bbox 100 2861 806 2932; baseline 0 -16"><span class='ocrx_word' id='word_1_216' title='bbox 100 2896 102 2900; x_wconf 93' lang='lat'>-</span> <span class='ocrx_word' id='word_1_217' title='bbox 191 2861 328 2919; x_wconf 86' lang='lat' dir='ltr'><strong>diaboli.&#39;’</strong></span> <span class='ocrx_word' id='word_1_218' title='bbox 371 2862 455 2920; x_wconf 78' lang='lat' dir='ltr'><strong>(lonc.</strong></span> <span class='ocrx_word' id='word_1_219' title='bbox 472 2861 551 2920; x_wconf 79' lang='lat' dir='ltr'><strong>Trid.</strong></span> <span class='ocrx_word' id='word_1_220' title='bbox 566 2862 641 2920; x_wconf 84' lang='lat' dir='ltr'><strong>Sese.</strong></span> <span class='ocrx_word' id='word_1_221' title='bbox 658 2865 685 2932; x_wconf 90' lang='grc'><strong>5,</strong></span> <span class='ocrx_word' id='word_1_222' title='bbox 701 2880 763 2920; x_wconf 89' lang='lat' dir='ltr'><strong>can.</strong></span> <span class='ocrx_word' id='word_1_223' title='bbox 782 2865 806 2916; x_wconf 89' lang='lat' dir='ltr'><strong>l.</strong></span> 
     </span>
    </p>
   </div>
   <div class='ocr_carea' id='block_1_5' title="bbox 129 2959 1148 3638">
    <p class='ocr_par' dir='ltr' id='par_1_6' title="bbox 129 2959 1148 3638">
     <span class='ocr_line' id='line_1_26' title="bbox 230 2959 1147 3038; baseline -0.002 -18"><span class='ocrx_word' id='word_1_224' title='bbox 230 2963 303 3020; x_wconf 73' lang='lat'>⁴⁶82.</span> <span class='ocrx_word' id='word_1_225' title='bbox 340 2962 385 3020; x_wconf 92' lang='lat' dir='ltr'><strong>II.</strong></span> <span class='ocrx_word' id='word_1_226' title='bbox 424 2963 516 3020; x_wconf 85' lang='lat' dir='ltr'><strong>“Sub</strong></span> <span class='ocrx_word' id='word_1_227' title='bbox 547 2962 654 3020; x_wconf 91' lang='lat' dir='ltr'><strong>mundo</strong></span> <span class='ocrx_word' id='word_1_228' title='bbox 688 2961 970 3038; x_wconf 89' lang='lat' dir='ltr'><strong>comprehenduntur</strong></span> <span class='ocrx_word' id='word_1_229' title='bbox 1005 2966 1035 3020; x_wconf 84' lang='lat' dir='ltr'><strong>at</strong></span> <span class='ocrx_word' id='word_1_230' title='bbox 1064 2959 1147 3038; x_wconf 79' lang='lat' dir='ltr'><strong>pravi</strong></span> 
     </span>
     <span class='ocr_line' id='line_1_27' title="bbox 193 3061 1148 3137; baseline 0 -17"><span class='ocrx_word' id='word_1_231' title='bbox 193 3061 333 3134; x_wconf 88' lang='lat' dir='ltr'><strong>homines,</strong></span> <span class='ocrx_word' id='word_1_232' title='bbox 356 3065 386 3120; x_wconf 91' lang='lat' dir='ltr'><strong>et</strong></span> <span class='ocrx_word' id='word_1_233' title='bbox 406 3062 482 3120; x_wconf 88' lang='lat' dir='ltr'><strong>mala</strong></span> <span class='ocrx_word' id='word_1_234' title='bbox 504 3081 603 3122; x_wconf 90' lang='lat' dir='ltr'><strong>eorum</strong></span> <span class='ocrx_word' id='word_1_235' title='bbox 624 3061 743 3122; x_wconf 89' lang='lat' dir='ltr'><strong>consilia</strong></span> <span class='ocrx_word' id='word_1_236' title='bbox 760 3061 812 3122; x_wconf 67' lang='lat' dir='ltr'><strong>⁴vel</strong></span> <span class='ocrx_word' id='word_1_237' title='bbox 835 3061 977 3137; x_wconf 85' lang='lat' dir='ltr'><strong>exempla,</strong></span> <span class='ocrx_word' id='word_1_238' title='bbox 999 3068 1030 3120; x_wconf 87' lang='lat' dir='ltr'><strong>et</strong></span> <span class='ocrx_word' id='word_1_239' title='bbox 1052 3070 1148 3122; x_wconf 88' lang='lat' dir='ltr'><strong>cetera</strong></span> 
     </span>
     <span class='ocr_line' id='line_1_28' title="bbox 193 3159 1145 3239; baseline -0.002 -18"><span class='ocrx_word' id='word_1_240' title='bbox 193 3161 305 3239; x_wconf 87' lang='lat' dir='ltr'><strong>objecta</strong></span> <span class='ocrx_word' id='word_1_241' title='bbox 332 3161 480 3220; x_wconf 89' lang='lat' dir='ltr'><strong>sensibilia</strong></span> <span class='ocrx_word' id='word_1_242' title='bbox 505 3162 766 3239; x_wconf 87' lang='lat' dir='ltr'><strong>concupiscentiam</strong></span> <span class='ocrx_word' id='word_1_243' title='bbox 800 3159 989 3220; x_wconf 86' lang='lat' dir='ltr'><strong>excitantic.’&#39;</strong></span> <span class='ocrx_word' id='word_1_244' title='bbox 1051 3163 1145 3221; x_wconf 82' lang='lat' dir='ltr'><strong>Sors.</strong></span> 
     </span>
     <span class='ocr_line' id='line_1_29' title="bbox 192 3261 1147 3340; baseline 0.002 -20"><span class='ocrx_word' id='word_1_245' title='bbox 192 3262 300 3340; x_wconf 60' lang='lat' dir='ltr'><strong>proleg}</strong></span> <span class='ocrx_word' id='word_1_246' title='bbox 315 3267 343 3335; x_wconf 90' lang='lat'><strong>4,</strong></span> <span class='ocrx_word' id='word_1_247' title='bbox 359 3283 383 3324; x_wconf 90' lang='lat' dir='ltr'><strong>c.</strong></span> <span class='ocrx_word' id='word_1_248' title='bbox 399 3268 427 3336; x_wconf 91' lang='lat'><strong>9,</strong></span> <span class='ocrx_word' id='word_1_249' title='bbox 443 3283 472 3322; x_wconf 92' lang='lat' dir='ltr'><strong>n.</strong></span> <span class='ocrx_word' id='word_1_250' title='bbox 489 3267 534 3323; x_wconf 86' lang='lat'><strong>14.</strong></span> <span class='ocrx_word' id='word_1_251' title='bbox 561 3269 581 3298; x_wconf 87' lang='lat'><strong>“</strong></span> <span class='ocrx_word' id='word_1_252' title='bbox 593 3263 747 3340; x_wconf 84' lang='lat' dir='ltr'><strong>Duplicem</strong></span> <span class='ocrx_word' id='word_1_253' title='bbox 761 3263 887 3321; x_wconf 89' lang='lat' dir='ltr'><strong>mundus</strong></span> <span class='ocrx_word' id='word_1_254' title='bbox 902 3261 990 3321; x_wconf 89' lang='lat' dir='ltr'><strong>aciem</strong></span> <span class='ocrx_word' id='word_1_255' title='bbox 1008 3264 1147 3338; x_wconf 88' lang='lat' dir='ltr'><strong>producit</strong></span> 
     </span>
     <span class='ocr_line' id='line_1_30' title="bbox 192 3361 1146 3440; baseline 0.002 -20"><span class='ocrx_word' id='word_1_256' title='bbox 192 3369 292 3422; x_wconf 90' lang='lat' dir='ltr'><strong>contra</strong></span> <span class='ocrx_word' id='word_1_257' title='bbox 312 3362 420 3421; x_wconf 87' lang='lat' dir='ltr'><strong>milites</strong></span> <span class='ocrx_word' id='word_1_258' title='bbox 441 3362 550 3422; x_wconf 80' lang='lat' dir='ltr'><strong>Christi</strong></span> <span class='ocrx_word' id='word_1_259' title='bbox 553 3405 642 3423; x_wconf 78' lang='grc'><strong>.....</strong></span> <span class='ocrx_word' id='word_1_260' title='bbox 659 3361 814 3421; x_wconf 90' lang='lat' dir='ltr'><strong>Blanditur</strong></span> <span class='ocrx_word' id='word_1_261' title='bbox 835 3362 922 3430; x_wconf 91' lang='lat' dir='ltr'><strong>enim,</strong></span> <span class='ocrx_word' id='word_1_262' title='bbox 944 3366 979 3420; x_wconf 90' lang='lat' dir='ltr'><strong>ut</strong></span> <span class='ocrx_word' id='word_1_263' title='bbox 999 3361 1146 3440; x_wconf 85' lang='lat' dir='ltr'><strong>decipiat;</strong></span> 
     </span>
     <span class='ocr_line' id='line_1_31' title="bbox 129 3460 1145 3538; baseline -0.001 -18"><span class='ocrx_word' id='word_1_264' title='bbox 129 3488 132 3494; x_wconf 91' lang='lat'>·</span> <span class='ocrx_word' id='word_1_265' title='bbox 194 3467 290 3533; x_wconf 89' lang='lat' dir='ltr'><strong>terret,</strong></span> <span class='ocrx_word' id='word_1_266' title='bbox 306 3467 340 3521; x_wconf 91' lang='lat' dir='ltr'><strong>ut</strong></span> <span class='ocrx_word' id='word_1_267' title='bbox 353 3462 497 3538; x_wconf 86' lang='lat' dir='ltr'><strong>frangat.’&#39;</strong></span> <span class='ocrx_word' id='word_1_268' title='bbox 540 3462 569 3520; x_wconf 80' lang='lat' dir='ltr'><strong>S.</strong></span> <span class='ocrx_word' id='word_1_269' title='bbox 585 3463 712 3520; x_wconf 84' lang='lat' dir='ltr'><strong>Aueosr.</strong></span> <span class='ocrx_word' id='word_1_270' title='bbox 729 3463 836 3518; x_wconf 85' lang='lat' dir='ltr'><strong>Sermo.</strong></span> <span class='ocrx_word' id='word_1_271' title='bbox 858 3460 924 3532; x_wconf 84' lang='grc'><strong>276,</strong></span> <span class='ocrx_word' id='word_1_272' title='bbox 940 3480 968 3516; x_wconf 93' lang='lat' dir='ltr'><strong>n.</strong></span> <span class='ocrx_word' id='word_1_273' title='bbox 985 3465 1013 3517; x_wconf 84' lang='grc'><strong>2.</strong></span> <span class='ocrx_word' id='word_1_274' title='bbox 1058 3461 1145 3519; x_wconf 88' lang='lat' dir='ltr'><strong>Mun·</strong></span> 
     </span>
     <span class='ocr_line' id='line_1_32' title="bbox 194 3560 1144 3638; baseline -0.002 -18"><span class='ocrx_word' id='word_1_275' title='bbox 194 3563 262 3622; x_wconf 92' lang='lat' dir='ltr'><strong>dum</strong></span> <span class='ocrx_word' id='word_1_276' title='bbox 284 3567 320 3622; x_wconf 89' lang='lat' dir='ltr'><strong>ut</strong></span> <span class='ocrx_word' id='word_1_277' title='bbox 343 3583 421 3622; x_wconf 91' lang='lat' dir='ltr'><strong>nuno</strong></span> <span class='ocrx_word' id='word_1_278' title='bbox 444 3569 568 3622; x_wconf 85' lang='lat' dir='ltr'><strong>estesse</strong></span> <span class='ocrx_word' id='word_1_279' title='bbox 584 3582 639 3638; x_wconf 76' lang='lat' dir='ltr'><strong>per</strong></span> <span class='ocrx_word' id='word_1_280' title='bbox 657 3583 684 3620; x_wconf 83' lang='lat' dir='ltr'><strong>se</strong></span> <span class='ocrx_word' id='word_1_281' title='bbox 706 3563 866 3638; x_wconf 81' lang='lat' dir='ltr'><strong>praviorem</strong></span> <span class='ocrx_word' id='word_1_282' title='bbox 884 3561 993 3620; x_wconf 89' lang='lat' dir='ltr'><strong>mundo</strong></span> <span class='ocrx_word' id='word_1_283' title='bbox 1014 3560 1047 3619; x_wconf 92' lang='lat' dir='ltr'><strong>in</strong></span> <span class='ocrx_word' id='word_1_284' title='bbox 1067 3569 1144 3620; x_wconf 88' lang='lat' dir='ltr'><strong>statu</strong></span> 
     </span>
    </p>
   </div>
   <div class='ocr_carea' id='block_1_6' title="bbox 193 3663 1144 3742">
    <p class='ocr_par' dir='ltr' id='par_1_7' title="bbox 193 3663 1144 3742">
     <span class='ocr_line' id='line_1_33' title="bbox 193 3663 1144 3742; baseline -0.004 -18"><span class='ocrx_word' id='word_1_285' title='bbox 193 3669 304 3726; x_wconf 86' lang='lat' dir='ltr'><strong>naturae</strong></span> <span class='ocrx_word' id='word_1_286' title='bbox 323 3685 411 3742; x_wconf 87' lang='lat' dir='ltr'><strong>purae,</strong></span> <span class='ocrx_word' id='word_1_287' title='bbox 428 3671 457 3723; x_wconf 91' lang='lat' dir='ltr'><strong>et</strong></span> <span class='ocrx_word' id='word_1_288' title='bbox 473 3664 674 3723; x_wconf 78' lang='lat' dir='ltr'><strong>vehementius</strong></span> <span class='ocrx_word' id='word_1_289' title='bbox 691 3664 728 3722; x_wconf 90' lang='lat' dir='ltr'><strong>ad</strong></span> <span class='ocrx_word' id='word_1_290' title='bbox 748 3667 898 3739; x_wconf 89' lang='lat' dir='ltr'><strong>peccatum</strong></span> <span class='ocrx_word' id='word_1_291' title='bbox 914 3663 1044 3733; x_wconf 87' lang='lat' dir='ltr'><strong>incitare,</strong></span> <span class='ocrx_word' id='word_1_292' title='bbox 1064 3665 1144 3722; x_wconf 92' lang='lat' dir='ltr'><strong>nullo</strong></span> 
     </span>
    </p>
   </div>
   <div class='ocr_carea' id='block_1_7' title="bbox 0 0 1216 4314">
    <p class='ocr_par' dir='ltr' id='par_1_8' title="bbox 0 0 1216 4314">
     <span class='ocr_line' id='line_1_34' title="bbox 0 0 1216 4314; baseline 0 0"><span class='ocrx_word' id='word_1_293' title='bbox 0 0 1216 4314; x_wconf 95' lang='lat' dir='ltr'><strong> </strong></span> 
     </span>
    </p>
   </div>
  </div>
 </body>
</html>
