2424 4314
173 400 210 458 18
536 393 592 460 De
612 391 743 460 Gratia.
965 394 1067 478 [unse.
1082 415 1124 458 11.

212 563 256 620 12.
278 559 391 620 Docent
405 578 504 620 omnes
529 558 666 635 theologi,
682 557 846 636 etquidem
865 557 970 634 dogma
982 559 1055 618 fidei
1068 565 1123 630 cst,

168 657 314 718 Adumum
336 663 403 720 ante
426 659 543 736 lapsum
565 658 701 718 habuisse
732 658 857 734 gratiam
880 657 1123 718 sanctificantem.

168 757 354 820 communior
368 763 398 819 et
410 758 585 836 probabilior
608 757 754 819 sententia
777 761 859 818 tenet
880 778 948 818 eum
967 759 1044 818 hanc
1057 779 1124 834 gra·

169 855 239 914 tium
253 855 284 915 in
299 855 362 936 ipso
377 855 499 917 instanti
514 857 668 918 creationis
691 855 852 935 recepisse:
878 859 1011 936 opposita
1023 861 1125 916 tamen

168 955 322 1028 sententia,
339 975 405 1036 que
419 957 543 1017 affirmat
566 977 634 1018 cum
654 957 685 1016 in
704 957 887 1018 naturalibus
900 962 1032 1018 creatum
1047 977 1121 1030 esec,
1207 979 1208 1040 j

168 1054 285 1115 omnino
307 1055 400 1117 libera
420 1061 472 1131 est,
497 1076 591 1136 nequo
614 1057 705 1118 ullam
725 1077 880 1118 censuram
902 1061 1041 1118 merctur.
1084 1057 1124 1116 In

168 1153 283 1217 decreto
299 1155 480 1230 Tridentino,
496 1162 531 1217 ut
552 1156 677 1236 primum
702 1157 909 1218 adumbratum
923 1161 976 1229 est,
991 1157 1120 1216 habebn-

168 1259 218 1316 tur
231 1256 404 1318 vocabulum
414 1257 547 1332 conditus,
557 1258 589 1318 in
603 1259 687 1338 cujus
700 1258 795 1320 locum
805 1258 965 1338 repositum
974 1262 1021 1318 est
1033 1279 1121 1318 voca·

168 1354 272 1416 bulum
304 1357 496 1418 constitutur:
530 1365 549 1394 ‘⁴
559 1359 593 1418 Si
623 1360 690 1436 quis
722 1378 781 1418 non
808 1359 964 1418 confitetur
990 1358 1122 1436 primum

168 1453 315 1516 hominem
338 1457 442 1531 Adam,
469 1477 535 1518 cum
557 1458 728 1518 mandatum
742 1457 798 1518 Dei
821 1458 853 1516 in
869 1457 1001 1536 paradiso
1015 1457 1125 1518 fuisset

169 1559 375 1634 transgressus,
390 1557 490 1618 statim
508 1558 692 1618 sanctitatem
709 1561 739 1618 et
748 1557 906 1636 justitiam,
926 1556 1031 1635 inqua
1052 1577 1123 1616 con-

122 1685 124 1692 >
169 1653 290 1717 stitutus
313 1655 418 1730 fueret,
442 1659 572 1736 amisisse
595 1703 601 1717 .
623 1702 630 1718 .
652 1656 954 1718 „anathement”
996 1659 1074 1716 Sess.
1091 1663 1121 1731 5,

168 1771 230 1814 can.
245 1759 269 1815 1.
310 1755 377 1818 Vid.
393 1758 494 1838 Eamus
507 1757 539 1816 iu
553 1763 571 1816 2
587 1758 718 1822 Sentent.
733 1759 761 1816 d.
777 1763 825 1829 25,
843 1757 858 1837 5
875 1760 898 1827 l,
914 1762 943 1816 2.

211 1865 258 1922 1³.
280 1861 325 1921 De
339 1853 419 1924 statu
432 1867 668 1942 protoparentum
681 1847 740 1924 duc
754 1866 827 1924 sunt
839 1881 949 1922 errores
967 1861 1123 1922 heretico-

169 1979 233 2020 rum
253 1959 331 2022 inter
345 1981 376 2023 se
390 1963 508 2023 omnino
530 1964 677 2024 contrarii.
721 1970 740 1998 “
755 1963 905 2039 Pelagiani
927 1961 1016 2034 enim,
1040 1962 1124 2021 Soci-

168 2059 258 2148 niani,
270 2060 444 2138 Arminiaui,
455 2063 562 2143 quibus
572 2064 761 2138 rationallstee
771 2063 998 2140 adstipulantur,
1011 2066 1126 2138 negant

170 2167 388 2244 protoparentes
412 2164 443 2236 in
462 2168 530 2226 ortu
550 2185 603 2226 suo
629 2165 713 2226 donis
738 2163 1008 2244 supernaturalibus
1028 2161 1122 2222 fuisse
1207 2201 1208 2204 κ

169 2268 332 2336 exornatos,
348 2264 584 2343 contenduntque
596 2264 683 2325 talem
695 2283 773 2324 nunc
782 2263 930 2323 hominem
942 2281 1012 2334 esse,
1024 2261 1123 2339 qualis

170 2363 240 2423 olim
253 2363 390 2426 conditus
413 2363 480 2438 fnit,
504 2384 608 2442 nempe
631 2364 694 2426 sine
715 2363 811 2441 gratia
825 2367 855 2424 et
869 2362 930 2422 sinc
944 2366 1072 2440 peccato,
1086 2364 1124 2419 ut

170 2462 238 2524 inde
261 2462 399 2540 inferant,
423 2464 537 2524 nullam
559 2484 620 2526 esse
641 2464 742 2542 gratiae
771 2462 979 2534 necessitatem,
1004 2462 1122 2520 nullum

170 2529 310 2642 originale
322 2567 481 2643 peccatum,
506 2563 618 2624 nullam
640 2563 755 2642 proprie
774 2563 881 2623 dictam
894 2561 1122 2639 redemptionem

171 2667 201 2724 et
231 2665 453 2742 reparationem.
505 2664 611 2724 Contra
641 2683 710 2724 vero
740 2661 913 2734 Lutherani,
941 2660 1120 2734 calvinistae,

170 2763 354 2834 Jansenistae,
370 2768 488 2835 statum,
504 2762 607 2842 inquo
625 2764 710 2822 homo
730 2761 864 2823 conditus
878 2781 930 2822 seu
944 2761 1123 2820 constitutus

171 2863 229 2923 ruit
242 2863 334 2922 eidem
348 2863 477 2923 debitum
487 2861 574 2922 luisse
584 2862 763 2923 contendunt
776 2881 808 2920 ac
821 2860 993 2934 naturalem,
1005 2870 1039 2920 ut
1053 2861 1123 2921 inde

171 2965 275 3024 eruant
292 2961 438 3022 hominem
459 2961 573 3040 lapsum
598 2961 771 3024 destitutum
792 2981 853 3022 esse
875 2960 966 3020 libero
989 2961 1120 3034 arbitrio,

170 3061 431 3140 concupiscentiam
455 3081 556 3120 verum
580 3081 641 3120 csse
662 3065 812 3138 peccatum
832 3059 947 3136 aliaque
967 3057 1121 3137 ejusmodi,

170 3180 235 3240 quae
267 3179 344 3220 sanae
372 3159 510 3220 doctrinae
543 3159 764 3220 adversantur.’'
816 3161 969 3230 Pnnnuun,
998 3159 1034 3216 de
1061 3159 1123 3216 Deo

170 3261 264 3322 creat.
280 3281 310 3321 n.
326 3264 395 3320 294.
