2432 4294
144 377 202 443 182
508 376 705 444 DeGrotz'a.
931 379 1030 465 [orer.
1045 400 1095 445 vr.

139 541 364 604 abominationes
391 541 491 602 istas.”
540 545 651 604 Mirum
674 555 719 604 est
741 548 884 622 quantum
904 545 1099 623 pessimailla

141 645 316 723 superstitio,
343 645 378 704 de
403 666 462 723 qua
485 647 513 706 d.
530 651 574 720 10,
600 646 665 706 istis
687 647 867 724 temporibus
886 647 1024 726 antiquis,
1040 648 1100 708 etsi

139 765 199 807 non
212 746 312 806 eadem
326 746 425 818 forma,
441 746 588 806 mentibus
601 747 620 806 J
621 745 770 807 udaeorum
783 747 930 808 insederit

182 846 229 910 77.
257 845 356 922 object.
375 849 417 905 14.
442 847 573 906 “Omnis
587 848 670 907 arbor
682 849 758 908 bona
771 849 885 908 fructus
897 848 987 908 bonos
1000 847 1076 908 facit
1090 868 1098 908 ε

141 943 216 1002 mala
230 946 326 1002 autem
351 945 434 1002 arbor
458 943 548 1002 malos
566 943 680 1003 fructus
701 942 781 1003 facit.
822 945 890 1003 Non
903 949 998 1022 potest
1011 945 1100 1004 arbor
1137 934 1140 939 ’

139 1045 214 1104 bona
224 1043 313 1102 malos
326 1044 439 1103 fructus
449 1043 559 1105 faeere:
581 1063 675 1122 neque
695 1045 778 1103 arbor
791 1045 867 1103 mula
879 1045 969 1104 bonos
982 1045 1100 1105 fructus

140 1142 260 1202 fucere.”
291 1142 378 1204 Mart.
405 1141 456 1202 vii.
482 1143 527 1216 17,
561 1147 606 1202 18.
657 1144 753 1204 Arbor
779 1143 856 1202 mala
884 1148 928 1204 est
951 1148 1098 1222 peccator,

138 1246 252 1305 fructus
265 1245 333 1305 boni
344 1250 412 1305 suut
423 1266 509 1324 opera
522 1245 660 1304 salutaria
668 1245 715 1305 vel
726 1245 828 1305 saltem
841 1245 989 1306 moraliter
1003 1247 1100 1306 bona:

139 1365 215 1422 ergo,
239 1365 277 1403 ex
301 1349 395 1417 textu,
411 1349 543 1422 peccator
562 1345 669 1406 voullam
691 1365 764 1423 opus
781 1346 897 1418 bonum,
923 1345 972 1406 vel
992 1345 1099 1406 saltem

139 1445 273 1517 salutare,
289 1445 382 1504 facere
396 1449 499 1521 potest.

179 1548 224 1606 78.
247 1546 330 1621 Respa.
363 1544 510 1620 Imprimis
537 1545 696 1604 notandum
724 1548 769 1604 est
795 1543 1003 1606 similitudines
1033 1565 1093 1605 non

138 1665 199 1706 esse
220 1645 360 1722 urgendos
384 1643 462 1702 ultra
483 1664 516 1702 ea
533 1643 629 1721 capita
653 1643 805 1722 inquibus
829 1644 993 1704 intenditur
1015 1665 1093 1705 com·

137 1745 259 1824 paratio,
284 1744 345 1804 sive
368 1763 404 1802 ex
428 1746 526 1802 mente
550 1743 695 1820 loquentis
719 1745 789 1802 satis
809 1745 962 1820 patefacta,
978 1744 1040 1804 sive
1055 1766 1095 1804 cx

137 1865 193 1906 usu
207 1842 354 1914 communi
366 1843 511 1920 loquendi.
556 1842 589 1902 Si
610 1845 641 1902 in
663 1843 728 1902 istis
748 1843 892 1920 capitibus
906 1844 1095 1905 duotermiui

136 1944 292 2022 comparati
306 1944 348 2022 (r.
360 1965 388 2019 g.
405 1944 489 2002 arbor
508 1942 585 2000 mala
605 1947 635 2002 et
654 1942 799 2019 peccator)
814 1963 881 2003 vero
902 1943 1011 2004 similes
1023 1944 1093 2016 sint,

133 2044 215 2123 justa
228 2047 272 2103 est
285 2043 468 2120 comparatio,
492 2041 545 2100 etsi
558 2042 589 2100 in
603 2041 667 2100 aliis
681 2041 824 2120 capitibus
837 2042 922 2103 valde
935 2043 1093 2104 dissimiles

137 2144 205 2204 sint.
254 2142 433 2220 *Multiplex
459 2163 542 2220 porro
574 2147 618 2201 est
635 2143 725 2219 hujus
751 2146 852 2202 textus
878 2143 1092 2221 interpretatio.

139 2249 175 2304 1⁰.
196 2245 251 2304 Per
264 2245 394 2304 arborem
412 2244 516 2302 bonam
530 2245 559 2302 et
572 2243 851 2319 malam'siguificari
872 2248 968 2320 potest
989 2243 1093 2302 volun·

136 2349 181 2404 tas
194 2346 270 2424 bona
282 2344 330 2404 vel
344 2343 429 2412 mala,
445 2361 496 2402 seu
510 2341 608 2420 potius
628 2343 714 2401 homo
734 2346 769 2402 ut
790 2343 898 2402 habeus
911 2347 941 2402 et
954 2362 1095 2403 exercens

136 2445 318 2505 voluntatem
332 2445 436 2502 bonaur
451 2447 502 2501 aut
515 2441 631 2500 malam.
674 2443 715 2501 Et
729 2442 770 2501 sio
787 2441 978 2502 “similitudo
992 2442 1025 2501 in
1039 2445 1094 2503 hac

135 2550 271 2628 parabola
290 2548 477 2609 constituitur
500 2547 532 2606 in
555 2567 596 2616 eo,
613 2548 691 2625 quod
712 2547 788 2606 sicut
808 2549 893 2612 arbor
905 2549 981 2609 bona
1003 2549 1094 2608 bonos

136 2652 248 2710 fructus
261 2648 403 2728 producit,
418 2647 496 2706 mela
509 2646 600 2706 malos
608 2669 615 2720 ;
638 2648 679 2706 sic
694 2647 803 2724 pariter
815 2648 891 2708 bona
904 2648 1042 2707 voluntas
1055 2671 1093 2708 ex

135 2750 240 2809 habitu
253 2751 326 2808 bono
343 2749 517 2826 plerumque
537 2749 613 2806 bona
633 2766 719 2824 opera
733 2747 878 2824 producit,
902 2748 979 2806 mala
991 2748 1094 2808 malos.

137 2851 194 2910 sed
209 2848 415 2908 dissimilitudo
436 2854 480 2908 est
499 2847 531 2905 in
552 2867 593 2918 eo,
611 2846 689 2923 quod
709 2847 792 2905 arbor
811 2847 887 2905 bona
900 2847 948 2906 vel
961 2848 1040 2906 mala
1053 2850 1093 2907 sit

136 2969 223 3008 causa
246 2949 397 3021 naturalis,
421 2947 545 3023 ideoque
572 2947 763 3004 determinata
791 2945 827 3004 ad
851 2966 938 3004 suum
962 2947 1093 3007 fructum

136 3053 242 3109 bonum
262 3049 310 3107 uel
324 3048 450 3107 malum:
472 3046 609 3104 voluutas
623 3065 691 3104 vero
711 3047 750 3104 sit
771 3055 859 3103 causa
884 3045 985 3118 libera,
1016 3067 1091 3124 quae,

134 3149 204 3208 licet
217 3169 254 3208 ex
263 3146 469 3207 cousuetudine
482 3150 512 3203 et
525 3145 627 3203 habitu
648 3145 687 3203 sit
706 3135 861 3222 proclivior
875 3143 907 3202 in
921 3146 1031 3205 bonum
1045 3148 1093 3205 rel

134 3249 252 3320 malurn,
280 3265 391 3322 semper
412 3250 509 3303 tamen
530 3247 628 3301 manet
647 3242 740 3302 libera
763 3249 792 3302 11
807 3242 1032 3304 indeterminata
1054 3248 1093 3305 ad

59 3378 68 3394 ·
134 3350 242 3408 bonum
261 3347 308 3405 vel
330 3345 449 3415 malum,
470 3344 559 3401 donec
580 3342 644 3418 ipsa
667 3362 696 3401 se
719 3342 892 3402 determinet
912 3344 948 3402 ad
968 3344 1024 3403 hoc
1044 3345 1093 3404 vel

134 3449 219 3516 illud,
236 3447 313 3523 quod
334 3445 397 3522 ipsa
420 3442 555 3518 elegerit;
578 3446 702 3518 tumque
724 3441 787 3518 ipsa
809 3447 877 3500 actu
899 3441 941 3500 fit.
954 3443 1030 3502 bona
1044 3444 1091 3502 vel

134 3548 211 3606 mala
224 3545 412 3606 exelectione
427 3549 455 3604 et
469 3542 633 3620 operatione
653 3543 727 3600 bona
747 3541 795 3600 vel
814 3542 890 3599 mala
905 3562 993 3619 quam
1007 3543 1092 3620 eligit

135 3653 165 3708 et
186 3634 308 3706 exercet.
351 3643 490 3711 Quocirca
509 3661 567 3700 non
591 3641 632 3698 uit
655 3641 795 3713 Christus,
821 3641 905 3700 arbor
929 3642 1004 3700 bona
1032 3660 1091 3700 non
