2408 4304
71 421 169 471 mss.
184 395 261 490 xia]
460 397 667 472 DeMerz‘tO·
973 421 1034 490 4³7

74 577 190 632 cantur
218 591 277 631 non
307 575 422 631 tantum
453 592 539 650 opera
565 575 642 632 facta
668 592 706 631 ex
738 565 847 632 motivo
876 573 1035 647 charitatis,

76 672 135 731 sed
160 671 256 731 omnia
279 691 365 749 opera
392 671 538 746 salutaria,
569 694 621 732 seu
647 674 724 732 faeta
747 692 784 731 ex
811 675 912 748 gratia.
955 673 1039 739 Quod

77 773 240 832 concedere
260 776 398 832 tenentur
418 773 594 833 adversarii:
615 773 766 832 unanimes
780 773 859 832 enim
875 777 943 831 sunt
956 775 1037 831 theo-

76 871 145 946 logi
165 871 317 948 utriusque
337 874 487 932 sententiae
509 893 546 931 ex
566 875 620 932 hoc
640 873 702 949 ipso
723 877 817 945 textu,
840 877 939 932 contra
953 873 1037 932 Pela·

78 971 195 1047 gianos,
219 973 419 1032 necessitatem
440 973 541 1048 gratiae
562 974 599 1032 ad
618 974 711 1032 amaia
724 993 810 1050 opera
824 973 961 1036 salutaria
974 993 1039 1050 pro·

78 1073 188 1132 bantus
208 1073 249 1143 (d.
265 1076 293 1144 3,
308 1094 337 1132 n.
354 1075 415 1151 37).
457 1075 513 1134 Vel
536 1095 604 1150 ergo
629 1074 784 1133 dicendum
807 1078 853 1134 est
877 1074 1040 1134 Concilium

79 1172 168 1250 loqui
189 1174 224 1232 de
244 1173 378 1233 omnibus
402 1175 537 1250 operibus
563 1175 647 1232 factis
670 1195 707 1232 ex
732 1173 834 1250 gratia,
857 1174 905 1233 vel
925 1178 1041 1233 textum
1140 1243 1142 1247 ι

80 1270 187 1348 inepte
207 1273 343 1350 proferre,
365 1277 395 1332 et
409 1269 607 1349 sensum'ejus
626 1274 732 1331 falsum
748 1274 906 1333 insinuare.
948 1274 1042 1350 Opera

82 1371 213 1448 quidem,
237 1391 311 1448 quae
324 1372 356 1430 in
378 1375 458 1449 justo
479 1373 626 1433 meritoria
646 1379 723 1442 sunt,
749 1373 821 1432 talia
840 1393 896 1432 non
919 1373 1040 1432 suntin

80 1477 256 1551 peccatore3
277 1493 336 1531 non
359 1474 429 1550 quia
449 1478 548 1533 carent
570 1473 691 1550 imperio
715 1474 876 1547 charitatis,
899 1475 950 1532 sed
970 1473 1040 1550 quia

81 1577 181 1634 obstat
194 1579 361 1652 peccatum:
383 1595 413 1634 n.
434 1572 499 1637 1072

124 1675 213 1732 *122
236 1675 278 1734 20.
301 1675 334 1733 Si
347 1675 473 1734 conditio
488 1675 526 1734 sit
544 1674 705 1735 essentialis
719 1675 754 1733 ad
768 1675 905 1735 meritum
918 1677 953 1735 ut
965 1695 1038 1754 opus

82 1795 101 1834 a
114 1774 256 1837 charitate
269 1775 371 1835 saltem
383 1776 550 1853 imperetur,
567 1776 668 1836 debuit
679 1777 841 1836 Concilium
854 1797 918 1836 eam
930 1797 1038 1836 memo·

81 1895 166 1936 rare:
200 1875 330 1954 alioquin
353 1877 438 1937 valde
464 1897 565 1937 manea
592 1881 667 1938 esset
694 1878 824 1938 definitio
851 1882 881 1938 et
908 1877 1038 1939 Concilio

82 1997 203 2056 prorsus
227 1977 417 2054 indigna—'et
435 1977 467 2037 id
490 1979 616 2038 maxime
637 1980 831 2058 quoniam10,
852 1980 988 2054 conditio,
1013 1980 1036 2040 si

82 2077 251 2151 necessaria,
268 2079 370 2139 onibus
384 2084 413 2140 et
427 2080 549 2158 singulis
562 2081 697 2141 fidelibus
710 2082 786 2142 tanti
799 2086 874 2141 esset
888 2083 1036 2157 momenti,

82 2185 196 2258 utpote,
206 2201 264 2258 qua
277 2200 335 2240 non
345 2181 448 2258 posita,
460 2182 492 2240 in
502 2183 583 2241 nullo
593 2203 724 2260 unquam
735 2184 890 2243 haberetur
900 2184 1037 2244 meritum

82 2281 199 2360 praemii
219 2281 396 2341 essentialis:
422 2282 464 2354 2⁰,
479 2283 511 2340 in
525 2282 664 2358 capitibus
681 2284 844 2343 doctrinam
859 2285 1040 2343 catholicam

83 2382 118 2440 in
131 2380 344 2441 institutionem
352 2381 485 2441 fidelium
495 2401 639 2459 exponere
653 2381 783 2459 suscipit,
794 2403 882 2460 quam
893 2403 995 2461 puram
1009 2387 1040 2444 et

85 2481 230 2557 integram
237 2484 335 2541 tenere
349 2481 469 2555 debent;
493 2481 569 2541 sicut
585 2481 617 2539 in
631 2481 778 2540 canonibus
798 2501 906 2541 errores
925 2482 1039 2558 fugien·
1116 2481 1118 2486 ’

86 2581 138 2640 dos
158 2578 286 2640 indicare
307 2580 449 2658 suscipit:
472 2584 507 2642 ut
530 2585 643 2641 constat
665 2601 703 2641 ex
724 2581 869 2658 prooemio
893 2581 1040 2659 capitibus

84 2681 484 2760 prepositoz-“Exponere
513 2682 642 2743 intendit
675 2679 872 2762 [Concilium]
907 2683 1041 2743 omnibus

85 2781 193 2842 christi
212 2782 347 2843 fidelibus
361 2802 460 2842 veram
475 2801 631 2859 sanamque
649 2782 810 2842 doctrinam
827 2779 920 2858 ipsius
929 2781 1039 2859 justifi-

84 2881 213 2954 cationis,
243 2902 331 2960 quam
349 2928 355 2944 .
369 2928 375 2943 .
389 2928 395 2943 .
408 2883 556 2945 ,Christus
583 2881 602 2941 J
604 2901 669 2942 esus
682 2929 689 2943 .
702 2927 709 2943 .
722 2927 728 2942 .
742 2927 748 2942 .
770 2881 878 2954 docuit,
907 2881 1041 2958 Apostoli

83 2981 275 3058 tradiderunt,
301 2986 331 3042 et
354 2980 505 3042 Oatholica
523 2982 706 3043 Ecclesia...
720 2985 873 3058 perpetuo
897 2979 1021 3040 retinuit
1027 3001 1035 3054 ;

84 3081 243 3141 districtius
256 3081 425 3155 inhibendo,
449 3102 486 3142 ne
509 3082 645 3159 deinceps
664 3081 769 3140 audeat
782 3082 937 3158 quisquam
953 3080 1039 3139 aliter

84 3181 206 3256 credere,
242 3181 398 3258 praedicare
426 3185 479 3242 aut
506 3183 615 3252 docere,
646 3201 732 3258 quam
759 3180 897 3258 praesenti
923 3181 1038 3240 decreto

84 3281 223 3341 statuitur
242 3302 275 3341 ac
295 3277 509 3342 declaratur.'’'
531 3283 567 3340 lu
586 3282 645 3340 fine
668 3279 799 3357 capitum
823 3285 852 3339 et
873 3280 1038 3339 immediate

84 3388 149 3442 ante
169 3403 292 3443 canones
309 3385 373 3443 haec
391 3384 533 3442 habentur
543 3388 612 3443 :-“
622 3383 692 3441 Post
707 3383 781 3440 hanc
803 3380 981 3441 catholicam
1002 3381 1037 3440 de

79 3483 289 3562 justificatione
316 3483 477 3542 doctrinam
492 3527 498 3544 .
512 3528 518 3543 .
531 3527 558 3544 ..
574 3481 687 3560 placuit
709 3485 813 3540 sancta
841 3481 958 3556 Synodo
985 3481 1038 3540 hos

84 3602 202 3644 canones
213 3584 401 3662 subjungere,
413 3586 447 3643 ut
459 3602 557 3643 omnes
572 3584 666 3642 sciant
679 3600 738 3640 non
752 3581 845 3640 solum
854 3581 925 3658 quid
938 3585 1037 3642 tenere

85 3686 114 3745 et
126 3683 216 3762 sequi,
233 3685 283 3744 sed
297 3684 382 3744 etiam
398 3683 470 3764 quid
483 3683 577 3744 vitare
591 3687 621 3744 et
635 3683 737 3760 fugere
751 3681 906 3744 debeant.¹'
