2424 4300
98 413 182 462 nrsr.
199 391 248 480 V.]
296 394 352 461 Dc
369 395 488 461 Gratzia
502 397 594 462 Med.
611 401 643 462 el
654 392 940 481 Elea—positive.
991 416 1048 482 133

96 562 316 635 hebdomadam,
343 561 472 640 singulas
500 563 685 622 distributive
704 564 833 640 sumptas
854 561 969 624 vincere
989 581 1053 639 pos·

94 683 180 742 snm3
202 683 269 741 ergo
284 683 390 723 omnes.

137 770 184 825 35.
206 766 292 842 Resp.
312 765 353 825 10.
375 763 532 841 Distinguo
547 766 741 827 antecedens:
763 764 795 825 Si
808 783 860 842 per
872 764 948 824 illud
964 771 982 800 “
998 763 1056 824 dis·

95 864 266 926 tributivc’'
290 864 491 942 significentur
513 865 637 943 singular
659 865 835 927 tentationes
857 885 910 944 per
929 885 960 926 se
980 866 1058 939 solae,

95 970 127 1026 et
145 965 276 1044 praecisis
288 965 391 1026 ceteris
404 965 437 1026 in
451 967 533 1041 serie,
549 987 597 1027 eas
617 967 733 1028 vincere
753 987 872 1046 possum
885 967 1015 1045 potentia
1028 973 1058 1028 et

95 1066 220 1143 physica
234 1069 264 1126 et
277 1065 397 1126 morali:
421 1067 567 1126 Concedo:
593 1067 624 1127 si
645 1067 847 1143 significentur
861 1071 894 1127 ut
907 1073 974 1128 acta
987 1071 1056 1127 sunt

92 1165 127 1224 in
141 1165 224 1239 serie,
248 1167 278 1225 et
292 1184 359 1225 curn
380 1165 482 1226 ceteris
503 1166 712 1226 tentationibus
731 1167 911 1244 conjunctae:
935 1166 1054 1228 Subdiu-

95 1264 223 1340 tinguc:
244 1265 302 1324 Eas
322 1265 437 1324 vincere
458 1285 575 1342 possum
596 1266 727 1343 potentia
746 1267 881 1343 physica:
906 1266 1053 1327 Concedo:

94 1365 220 1426 Morali:
243 1367 334 1442 Nego.
377 1367 419 1424 2⁰.
442 1367 597 1443 Distinguc
610 1386 806 1444 consequens:
830 1368 863 1426 Si
872 1368 970 1428 eadem
981 1379 1056 1428 esset

94 1465 228 1543 potentia
240 1466 357 1525 moralis
377 1467 413 1525 ad
435 1486 534 1526 omncs
552 1467 718 1538 vincendas,
734 1486 798 1543 quac
814 1470 859 1526 est
872 1469 909 1526 ad
923 1467 1054 1545 singulas
1141 1503 1146 1512 ·

94 1587 148 1644 per
171 1587 201 1626 re
224 1567 397 1627 vincendas:
430 1568 576 1628 Concedo:
607 1569 638 1628 Si
662 1587 739 1627 non:
763 1569 854 1644 Nego.
897 1569 943 1628 sit
968 1569 1054 1628 series

94 1668 303 1741 tentationum,
320 1688 346 1740 a,
361 1669 389 1742 b,
406 1688 430 1742 c,
447 1670 476 1742 d,
494 1672 545 1729 &c
566 1669 720 1729 facultates
739 1673 769 1728 et
781 1669 947 1729 intellectis
964 1675 994 1730 et
1006 1690 1056 1729 vc·

93 1768 230 1840 luntatis,
252 1787 318 1845 quae
342 1769 374 1827 in
393 1767 431 1826 iis
450 1768 624 1846 repellendis
647 1777 830 1840 exercentur,
847 1769 1004 1828 intrinsece
1018 1789 1054 1828 ex

94 1871 202 1928 natura
215 1887 267 1927 sua
281 1872 351 1928 sunt
364 1868 449 1927 valde
463 1867 584 1928 mobiles
598 1873 629 1928 et
648 1869 844 1928 inconstantes
852 1889 859 1940 ;
883 1870 925 1928 ita
939 1873 983 1941 ut,
1000 1869 1056 1928 etsi

95 1989 242 2047 supponas
266 1989 313 2030 eas
339 1970 376 2029 ad
399 1973 514 2047 tempus
535 1975 564 2030 et
578 1974 677 2030 contra
691 1991 716 2042 a,
729 1971 756 2043 b,
773 1991 796 2042 c,
815 1973 865 2030 dcc.
880 1971 1003 2049 impigre
1027 1976 1057 2030 et

96 2074 215 2130 strenue
228 2088 321 2148 agere,
337 2068 502 2148 paulopost
515 2071 655 2147 obrepcnt
675 2070 779 2148 aliquae
793 2071 841 2129 vel
855 2070 943 2130 etiam
957 2089 1056 2130 omnes

95 2191 134 2233 cx
148 2171 242 2232 causis
261 2191 348 2250 supra
367 2170 544 2243 memoratis,
564 2192 593 2230 n.
613 2177 659 2244 14,
676 2172 755 2232 otiis
775 2172 937 2248 agentibus,
954 2171 1051 2231 anima
1091 2229 1092 2232 ,

92 2271 299 2346 infallibiliter,
310 2273 528 2350 aliquantulum
536 2273 640 2333 saltem
648 2276 677 2333 et
687 2292 738 2350 pro
752 2277 906 2345 momento,
921 2273 1053 2344 deficiet;

96 2377 135 2445 et,
159 2375 214 2433 etsi
235 2393 265 2433 se
292 2373 401 2433 iterum
422 2373 515 2450 erigat
535 2376 565 2432 et
589 2373 721 2449 accingat
742 2374 779 2432 ad
802 2393 939 2450 pugnam,
967 2373 1055 2450 paulo

96 2481 196 2536 tamen
209 2478 283 2554 post,
298 2475 403 2534 iisdem
428 2474 583 2551 agentibus
604 2476 707 2544 causis,
732 2474 839 2533 iterum
862 2473 951 2532 simili
971 2474 1055 2532 modo

96 2577 189 2650 cedet,
205 2576 284 2636 etita
296 2596 390 2654 porro.
432 2576 505 2636 Haec
520 2581 563 2646 est
576 2573 703 2634 hominis
714 2574 776 2649 ipsa
786 2578 892 2633 natura
905 2573 1054 2633 universa-

96 2677 136 2737 lis
150 2681 180 2737 et
193 2676 336 2737 absoluta.
378 2674 528 2753 Imprimis
549 2674 586 2734 ad
606 2673 736 2750 singulas
756 2673 932 2734 tentationes
956 2672 1056 2732 distri-

96 2777 201 2840 butive
224 2781 355 2856 sumptas
378 2776 537 2836 vincendas
556 2775 716 2836 necessaria
736 2779 781 2834 est
800 2773 996 2834 advertentis:
1020 2774 1057 2832 ad

97 2879 202 2941 scriem
215 2879 423 2951 tentationum,
447 2897 571 2955 quarum
592 2877 683 2935 altera
703 2876 824 2936 alteram
844 2874 982 2934 continuo
1004 2895 1056 2934 cx·

97 2981 181 3059 cipit,
197 2981 350 3060 aut(qucd
363 2980 442 3040 idem
461 2979 520 3056 cst)
542 2980 578 3038 sd
598 2979 718 3039 eandem
738 2978 917 3055 productam,
940 2975 1056 3036 vincen-

98 3077 177 3148 dam,
193 3074 352 3134 necessaria
373 3077 418 3132 est
442 3072 565 3133 attentio
588 3073 725 3132 continua
738 3071 785 3131 vel
800 3073 859 3132 iere
881 3071 1058 3130 continua-

99 3193 166 3252 quoe
190 3173 266 3232 nihil
290 3172 373 3232 aliud
396 3177 440 3232 cst
460 3191 548 3250 quam
562 3171 743 3231 advertentis
757 3171 936 3231 continuata.
978 3172 1056 3230 Jam-

98 3295 168 3334 vero
181 3277 291 3333 norunt
314 3286 413 3332 omnes
436 3272 550 3331 nullam
570 3271 658 3331 aliam
679 3291 740 3332 esse
759 3271 867 3332 mentis
887 3270 1057 3330 facultatem

99 3393 167 3452 quaa
181 3377 240 3434 tam
254 3373 413 3434 difficulter
426 3376 579 3433 exercetur
600 3393 689 3450 quam
709 3371 762 3432 illa
783 3370 961 3444 attentionis,
982 3390 1057 3448 proe·

99 3475 200 3536 sertim
219 3476 250 3536 in
264 3476 301 3535 iis
315 3495 380 3554 quae
404 3479 518 3535 naturae
541 3456 624 3552 grata
646 3479 676 3535 et
699 3471 882 3535 delectabilia
901 3492 961 3532 non
978 3475 1056 3532 sunt.

99 3577 199 3637 Etiam
211 3577 242 3636 in
257 3577 425 3638 hominibus
436 3576 487 3654 qui
500 3576 614 3636 eximiae
638 3574 800 3636 sanctitatis
814 3577 883 3634 sunt
897 3578 927 3634 et
941 3594 958 3633 a
971 3573 1057 3648 longo

99 3685 229 3758 tempore
251 3679 374 3739 orationi
397 3679 595 3740 meditationis
620 3677 736 3749 assueti,
760 3677 847 3737 etiam
868 3679 964 3736 mente
978 3679 1057 3735 tran·
