2410 4318
157 402 218 448 212
524 381 580 446 De
597 379 730 446 Gratia.
934 381 1037 469 [mse.
1056 407 1118 450 vn.

157 691 204 748 sl.
237 689 418 748 Prorosrrro.
447 689 544 748 Detur
566 691 596 746 iu
613 689 752 764 prmaeut‘
773 694 851 748 stetu
871 691 974 768 pratia
1002 713 1066 752 uere
1091 701 1118 752 et

195 787 306 848 relatiua
319 789 463 864 sufficiens,
479 794 506 847 et
521 794 611 846 tumen
625 809 695 848 mere
709 792 851 868 sufficiens,
875 810 922 848 seu
937 811 998 869 quoe
1011 813 1044 850 ex
1057 795 1119 852 aula

194 891 291 946 norm
305 886 387 962 rubra
400 885 517 964 afiorum
530 906 610 947 suum
620 889 809 950 eonsumitur.

196 1050 245 1106 62.
266 1045 486 1122 Arqumentaee
497 1045 700 1122 &demptura
723 1049 936 1106 Anaunmrurr
945 1049 974 1108 Ι.
991 1049 1117 1110 “Vinea

155 1145 233 1205 faeta
243 1149 288 1205 est
300 1146 407 1206 dilecto
430 1166 493 1206 meo
507 1146 539 1205 in
553 1167 642 1206 cornu
665 1147 727 1206 filio
741 1147 799 1206 olei
813 1145 847 1227 [i.
863 1167 887 1207 e.
903 1147 936 1206 in
950 1149 1035 1221 eolla,
1049 1150 1117 1208 loeo

155 1245 260 1322 pingui
273 1249 303 1304 et
316 1243 449 1325 fertili]
477 1247 518 1304 Et
541 1246 647 1322 sepivit
669 1245 826 1325 [Dominus
848 1245 959 1326 vineae]
984 1268 1057 1322 eam,
1086 1254 1118 1308 et

155 1343 266 1420 lapides
279 1343 368 1420 elegit
383 1343 418 1424 [i.
428 1364 452 1404 e.
467 1345 585 1420 collegit
599 1349 629 1405 et
642 1343 779 1422 abstulit]
795 1365 832 1403 ex
845 1345 909 1418 illa,
919 1351 950 1406 et
964 1347 1117 1422 plantavit

155 1465 219 1505 eam
243 1445 365 1504 electam
388 1445 424 1525 [i.
437 1465 463 1506 e.
486 1445 597 1504 vitibus
621 1445 722 1504 electis
745 1451 775 1504 et
793 1445 931 1523 optimis:
965 1447 1057 1507 Hebr.
1084 1458 1116 1506 et

155 1548 236 1624 Sept.
260 1546 367 1606 ‘vitem
383 1544 509 1625 Sorek’],
535 1550 564 1605 et
587 1539 745 1605 aedifieavit
756 1546 863 1605 turrim
874 1546 906 1604 in
919 1549 1017 1607 medio
1031 1549 1106 1625 ejus,

155 1651 184 1705 et
198 1645 326 1705 torcular
345 1644 481 1705 extruxit
494 1645 527 1703 in
541 1665 592 1704 ea:
615 1648 646 1704 et
667 1645 834 1722 expectavit
846 1649 882 1704 ut
894 1646 1005 1707 faceret
1025 1667 1109 1720 uvas,

153 1749 185 1804 et
209 1745 280 1806 feeit
303 1745 450 1805 labruscas
474 1743 512 1824 [i.
536 1764 561 1804 e.
584 1763 656 1802 uvas
678 1748 806 1820 agrestes
825 1748 856 1804 et
876 1765 1006 1805 amaras:
1031 1747 1111 1824 Sept.

156 1842 316 1924 ‘spines’].
357 1845 444 1904 Nune
458 1863 525 1919 ergo
538 1843 685 1922 [loquitur
699 1844 841 1902 Dominus
850 1844 970 1924 vineae],
994 1846 1109 1905 habite·

154 1949 230 2002 tores
242 1944 404 2004 Jerusalem
427 1947 457 2002 et
479 1943 537 2001 viri
559 1943 579 2002 J
581 1943 646 2014 uda,
658 1943 788 2020 judicate
801 1942 878 2002 inter
892 1963 938 2001 me
949 1947 979 2002 et
993 1945 1110 2004 vineam

153 2061 256 2102 meam.
299 2042 378 2108 Quid
399 2046 443 2102 est
467 2042 546 2119 quod
568 2042 648 2100 ultra
672 2041 760 2100 debui
774 2041 970 2102 saeerevineae
986 2048 1110 2116 memet

153 2161 213 2200 non
225 2141 281 2200 feei
295 2141 323 2201 ei
338 2139 372 2222 [i.
381 2162 406 2202 e.
422 2143 494 2219 quid
508 2141 534 2201 ei
548 2143 715 2200 faciendum
729 2145 791 2201 erat
802 2146 836 2202 ut
850 2143 965 2202 efferret
978 2163 1062 2218 uvas,
1078 2148 1109 2202 et

153 2260 212 2300 non
226 2245 270 2300 est
283 2237 437 2316 fautum]?
477 2243 525 2300 An
539 2241 616 2318 quod
636 2241 789 2319 expectavi
809 2243 843 2300 ut
864 2242 972 2302 faceret
982 2263 1064 2314 uvas,
1079 2249 1109 2302 et

153 2341 222 2400 feeit
231 2341 377 2400 labruscas
392 2340 428 2420 [i.
440 2359 465 2399 e.
481 2360 519 2399 ex
532 2341 633 2413 Hebe,
657 2359 717 2413 eur,
739 2360 816 2413 eum,
828 2339 908 2418 juste
922 2345 1107 2418 expectarem

153 2443 190 2500 ut
204 2440 313 2500 faeeret
326 2459 406 2512 uvas,
422 2438 493 2500 feeit
514 2439 679 2500 labruscas:
701 2439 758 2512 vel,
782 2459 854 2498 num
866 2439 899 2498 in
911 2440 966 2498 hoe
979 2441 1106 2516 peceavi,

158 2540 238 2616 quod
264 2559 302 2598 ex
325 2539 495 2616 vineatam
522 2540 640 2598 exculta
662 2541 851 2616 expectabam
876 2537 986 2618 &e.]?''
1039 2539 1104 2599 Iaai

152 2657 181 2696 v.
201 2641 267 2699 1-4.

194 2741 242 2797 63.
264 2736 373 2811 Gratia,
389 2738 425 2796 de
434 2757 493 2815 qua
506 2737 630 2815 quaestio
644 2741 687 2798 est
700 2737 732 2796 in
743 2741 838 2810 textu,
853 2737 913 2798 fuit
922 2737 1019 2815 gratie
1031 2759 1107 2799 mere

153 2835 307 2908 sufficiens,
323 2857 383 2909 seu,
399 2856 457 2896 non
471 2841 517 2897 est
531 2839 632 2896 sortita
652 2857 737 2897 suum
759 2837 893 2897 effectum
907 2857 925 2896 a
938 2839 1000 2896 Deo
1011 2839 1105 2898 inten-

153 2940 226 3006 tum,
242 2945 276 2994 ut
290 2934 408 2994 evidens
421 2941 473 2994 est.
516 2935 573 2994 sed
586 2955 654 2995 vere
668 2940 698 2996 et
711 2935 842 3008 relative,
854 2935 912 2994 imo
926 2937 1106 2996 abundanter

153 3040 183 3096 et
196 3035 471 3112 superabundanter,
498 3035 641 3095 sufficiens
665 3039 742 3109 erat;
765 3039 796 3096 et
809 3055 845 3094 ex
860 3055 893 3094 eo
908 3035 968 3094 aulo
990 3034 1106 3094 inutilis

152 3135 229 3192 faeta
251 3137 304 3207 est,
328 3133 406 3210 quod
429 3133 529 3192 Judaei
542 3133 570 3192 ei
583 3154 643 3193 non
667 3135 761 3194 solum
783 3125 964 3206 restiterunt,
980 3135 1032 3192 sed
1046 3133 1103 3192 sin·

155 3233 253 3308 gulari
268 3233 361 3292 cordis
374 3232 484 3292 duritie
498 3233 687 3294 restiterunt:
711 3235 789 3311 quod
802 3238 916 3293 cunstat
929 3251 967 3292 ex
981 3232 1105 3309 singulis

151 3334 213 3392 fera
237 3332 337 3392 textirs
357 3331 459 3392 incisis
482 3336 512 3392 et
535 3333 693 3392 vocabulis.
745 3334 786 3392 1⁰.
808 3333 903 3392 Locus
926 3333 1056 3410 optimus
1076 3338 1105 3392 et

151 3431 301 3492 fertilitati
332 3432 490 3493 efficiendae
513 3431 681 3508 aptissimus
713 3432 861 3508 deligitur,
886 3432 918 3490 in
941 3451 999 3509 qua
1020 3431 1105 3492 vinea

151 3531 375 3592 constitueretur
398 3531 477 3610 (“in
500 3550 591 3590 eornu
616 3531 677 3589 filio
705 3530 825 3610 olei'’):
855 3552 919 3591 eam
949 3531 1105 3606 diligenter

125 3642 127 3646 ’
151 3631 266 3690 curavit
287 3635 317 3691 et
340 3635 454 3691 tutatus
480 3635 524 3692 est
545 3631 688 3691 Dominus
710 3632 775 3708 ejus
799 3631 954 3710 (“sepivit
974 3631 1100 3709 eam’'):
