2438 4304
174 429 238 494 310
547 409 603 481 De
620 410 749 482 Gratiis.
960 408 1059 500 [mse.
1075 437 1120 479 rx.

174 580 287 646 “Quod
303 597 362 638 non
385 579 481 639 minus
499 585 611 642 eertum
634 586 679 641 est
702 583 738 642 de
758 583 852 658 gratia
865 581 1065 642 sanctificante
1077 602 1120 642 re-
1212 635 1213 660 p

172 683 273 756 speetu
285 679 437 738 moralium
449 680 593 740 virtutum
612 682 661 740 vel
684 683 842 741 donorum:
865 682 936 759 quia
947 683 1012 740 haee
1026 682 1123 740 omnia

172 775 339 835 aoharitate
359 776 590 853 distinguuntur,
612 779 700 838 etiam
714 799 752 837 ex
766 781 912 839 sententia
924 777 1060 837 omnium
1073 779 1124 854 qni

171 874 224 934 illa
240 874 358 934 infundi
381 876 570 938 doeuerunt.''
613 879 733 952 Saarna,
755 879 777 938 l.
793 885 821 952 6,
846 899 872 938 a.
889 883 935 949 ll,
956 898 986 936 n.
1003 882 1028 938 l.
1070 879 1128 937 His
1212 891 1213 960 l

171 976 1128 1058 positis4⁰,responsioadquaestionemprorsusineertamihiesse
1212 961 1213 986 ἦ

171 1078 304 1152 videtur;
319 1079 385 1140 aliis
398 1079 508 1152 multis,
519 1081 679 1157 praesertim
688 1082 830 1154 Scotistis,
846 1081 1024 1158 negantibus
1036 1081 1127 1141 ullam
1212 1087 1213 1142 ἶ

172 1200 232 1241 esse
246 1180 461 1242 distinctionem
473 1182 581 1240 realem
604 1182 681 1241 inter
701 1182 759 1242 ista
779 1185 856 1256 duo;
878 1185 952 1255 aliis,
969 1185 1128 1244 Themistis

170 1279 341 1358 prasertim,
364 1281 583 1341 affirmantibus.
634 1283 702 1342 vid.
734 1289 907 1359 argumenta
927 1304 981 1360 pro
1001 1289 1127 1361 utraque

170 1377 314 1442 sententia
326 1382 453 1444 breviter
466 1388 598 1444 enarrata
611 1385 688 1462 apud
701 1385 829 1445 Barata.
844 1405 873 1446 n
888 1391 957 1460 450,
969 1387 1037 1446 fuso
1050 1386 1124 1464 apud

172 1483 293 1557 Soram,
310 1503 335 1544 a.
350 1488 456 1545 11-13.

208 1585 277 1646 ⁴⁵28.
303 1584 445 1654 Quaeritur
456 1585 499 1644 2⁰.
520 1585 570 1645 An
583 1587 677 1662 gratia
690 1587 849 1647 habitualis
869 1587 961 1665 possit
982 1587 1127 1648 divinitus

171 1684 303 1761 oomponi
324 1705 390 1744 oum
410 1691 526 1763 peooato
547 1689 685 1746 mortali:
719 1708 779 1760 seu,
806 1689 862 1746 alio
889 1689 944 1747 sub
971 1693 1126 1772 conceptu,

171 1803 208 1843 an
227 1783 320 1860 gratia
333 1783 491 1846 habitualis
504 1785 534 1846 vi
548 1806 600 1844 sua
624 1786 781 1846 intrinseca
793 1787 954 1846 necessario
968 1788 1127 1862 extinguat

171 1895 323 1961 peecatum
336 1883 488 1943 mortale?
528 1885 613 1961 Reep.
632 1887 672 1946 10.
694 1888 733 1946 In
750 1887 849 1946 ordine
862 1887 1000 1962 prasenti
1014 1893 1125 1946 eertum
1212 1879 1213 1912 ³

171 1987 215 2041 est
227 1981 284 2040 ista
296 2001 447 2058 nunquam
461 1983 600 2058 oomponi,
617 2001 669 2042 seu
681 1984 803 2059 gratiam
816 1983 998 2042 habitualem
1012 2004 1126 2060 semper
1212 2009 1213 2012 ¹

169 2080 314 2157 expellere
329 2084 489 2157 peecatum.
530 2080 571 2139 2⁰.
594 2082 721 2140 Omnino
743 2083 801 2142 alia
822 2087 866 2141 est
885 2083 938 2140 illa
951 2085 1074 2158 quaestio
1088 2085 1125 2142 de

169 2183 237 2240 aatu
250 2180 371 2257 perfeoti
395 2180 499 2239 amoris
524 2180 580 2240 Dei
598 2181 645 2240 val
666 2182 848 2240 oontritionis
869 2183 1016 2258 perlectae,
1033 2202 1071 2240 an
1085 2202 1123 2242 ex

168 2286 272 2340 natura
286 2283 377 2340 suaet
388 2279 547 2339 formaliter
558 2281 685 2356 expellat
695 2285 845 2357 peecatum
856 2280 870 2340 l
911 2281 966 2339 Oui
976 2282 1123 2357 responsio

167 2380 303 2456 negativa
312 2380 472 2441 eommunis
487 2384 530 2439 est
543 2385 573 2439 et
585 2380 657 2439 mihi
668 2385 755 2440 oerta.
797 2381 839 2439 Ut
853 2379 929 2439 enim
944 2381 987 2439 ait
999 2381 1123 2440 Lassrns

167 2481 459 2557 (dePerfeotionibus
484 2479 609 2550 Divinis,
635 2481 656 2540 l.
683 2484 726 2553 13,
749 2499 780 2540 11.
805 2484 880 2538 193:
903 2481 963 2538 vid.
980 2480 1046 2538 etl.
1072 2485 1118 2553 12,

166 2600 196 2638 n.
213 2581 274 2658 68),
307 2588 325 2616 “
339 2581 370 2638 in
389 2580 501 2638 rationo
523 2579 640 2638 honoris
659 2580 709 2639 vel
728 2579 858 2656 obsequii
879 2598 982 2655 parum
1003 2582 1048 2638 est
1061 2580 1122 2639 Deo

167 2681 244 2757 quod
257 2701 274 2738 a
288 2683 418 2740 ereatura
440 2699 492 2738 sua
512 2683 644 2739 ametur:
667 2699 733 2738 oum
757 2680 819 2755 ipse
836 2679 947 2738 ratione
968 2679 1122 2754 dignitatis

166 2798 225 2837 suae
239 2779 353 2838 infinito
378 2799 474 2838 amore
498 2783 527 2838 et
547 2781 655 2838 honore
675 2779 780 2854 dignus
799 2779 837 2837 sit
858 2781 888 2836 et
907 2779 1019 2837 ratione
1033 2781 1120 2838 hene·

165 2878 298 2937 fioiorum
322 2899 439 2938 auorum
462 2879 549 2955 longe
572 2879 659 2955 plura
680 2880 771 2954 possit
785 2877 912 2953 exigere.
955 2881 998 2936 At
1020 2877 1119 2953 indig-

103 3041 105 3046 ,
164 2975 315 3035 nissimnm
330 2981 374 3036 est
388 2978 412 3036 si
427 2979 463 3036 ab
477 2978 528 3036 illa
542 2982 753 3048 contemnatur,
769 2997 835 3036 oum
848 2978 903 3036 hoo
916 2977 1034 3036 infinite
1049 2998 1120 3055 quo·

164 3076 314 3135 dammodo
327 3076 374 3134 illi
387 3076 513 3136 bonitati
527 3082 556 3136 et
569 3076 714 3154 majestati
734 3079 878 3151 repugnet
879 3118 1010 3136 .....
1033 3077 1119 3136 Unde

162 3195 255 3236 unum
269 3180 465 3252 contemptum
479 3176 571 3252 pluris
591 3176 662 3235 faoit
682 3175 714 3234 in
734 3176 846 3244 ratione
866 3176 936 3234 mali
951 3195 1040 3252 quam
1053 3176 1117 3234 infi-

162 3275 226 3336 nita
239 3275 376 3353 obsequia
398 3279 536 3335 creaturae
559 3275 591 3334 in
611 3276 723 3334 ratione
743 3275 812 3334 boni
826 3279 856 3334 et
869 3275 1017 3334 honoris.''
1060 3276 1118 3334 Vid

161 3375 251 3448 Loao,
268 3377 303 3434 ds
316 3375 505 3444 Paenitentia,
531 3376 558 3433 d.
584 3379 610 3448 8,
634 3396 655 3434 s.
677 3382 705 3433 4.
749 3371 789 3434 3⁰.
811 3376 873 3434 Neo
887 3375 1008 3452 quaestio
1024 3378 1070 3433 est
1083 3376 1117 3433 de

162 3477 357 3552 componendo
371 3479 438 3534 aotu
451 3475 601 3534 eharitatis
620 3495 687 3532 oum
700 3475 763 3550 ipso
777 3480 841 3534 notu
857 3475 995 3552 peooandi
1008 3479 1115 3534 morta-

160 3573 238 3646 liter,
253 3575 296 3634 ita
309 3580 344 3636 ut
357 3579 422 3652 quis
441 3581 598 3652 utrumque
619 3578 717 3634 aetum
738 3575 838 3634 eodem
858 3574 986 3652 tempore
1006 3579 1114 3652 ponat:

160 3673 216 3733 hoo
236 3673 315 3734 enim
336 3674 488 3736 manifesto
512 3674 644 3752 implicat
670 3674 935 3735 oontradiotionam.
989 3675 1112 3749 Saum,
