2410 4318
61 432 156 481 ruse.
173 410 263 502 vui]
315 410 494 483 Concordia
511 409 638 483 Grolrie
651 411 882 484 eth'berlair's.
959 431 1022 500 259

65 583 195 660 ponitur
207 588 242 642 ut
255 583 287 641 in
300 583 379 642 omni
400 604 469 644 oasa
490 585 659 660 particulari
673 585 748 644 adsit
759 584 863 646 idonea
875 582 1024 662 quantitas

31 691 36 699 ’
61 682 149 759 ignis
167 685 198 743 et
217 683 309 760 panis,
325 687 453 761 spectato
467 685 579 762 objeoto
593 686 784 746 comburendo
797 689 849 745 aut
861 684 1023 745 nutriendo.

65 781 148 848 Quis
163 783 241 841 enim
255 781 363 842 diceret
375 783 411 842 de
424 783 531 860 exiguo
544 784 611 861 igne
625 785 701 862 quod
716 785 859 845 sufficeret
873 786 909 844 ad
922 785 1023 862 ingen·-

58 886 125 940 tem
143 883 273 942 arborem
293 883 525 958 comburendam,
541 889 592 946 aut
611 885 646 945 de
667 885 863 964 exiguopane
877 885 1024 946 advirum

59 979 285 1041 nutriendum?

107 1086 158 1139 66.
181 1081 283 1140 Simile
305 1081 377 1158 quid
400 1083 554 1144 dicendum
570 1087 614 1144 est
636 1085 672 1145 de
690 1083 823 1161 exemplo
838 1103 875 1142 ex
889 1082 1022 1161 passione

62 1181 197 1241 Christi:
220 1200 285 1258 quae
299 1183 466 1258 generatim,
482 1184 651 1262 simpliciter
664 1188 694 1244 et
707 1183 769 1243 sine
783 1183 890 1254 addito,
904 1189 1024 1243 vocatur

63 1280 225 1354 sufficiens,
241 1281 312 1359 quia
326 1283 484 1358 generatim
505 1284 686 1357 subauditur,
708 1288 809 1361 utpote
829 1284 933 1360 dogma
946 1283 1024 1360 apud

63 1401 168 1440 omnes
181 1381 281 1440 fideles
294 1381 487 1460 notissimum,
498 1383 652 1444 necessitas
660 1383 862 1460 applicationis
872 1384 944 1460 ejus.
985 1381 1024 1441 In

64 1480 298 1540 oiroumstantiis
312 1500 388 1553 vero,
405 1482 437 1540 in
451 1482 557 1558 quibus
567 1483 629 1542 haeo
639 1481 794 1542 necessitas
808 1501 866 1540 nou
886 1481 1024 1540 subaudi-

64 1584 159 1652 retur,
175 1599 359 1658 nequaquam
372 1601 389 1639 a
404 1580 556 1640 catholieo
570 1583 760 1642 affirmaretur
773 1581 947 1640 sufficientia
960 1599 1025 1657 pas·

67 1679 161 1739 sionis
181 1679 292 1739 Christi
315 1681 352 1738 ad
379 1681 522 1741 sulutem:
554 1681 613 1741 imo
637 1682 790 1740 affirmatio
815 1681 957 1759 ejusmodi
990 1681 1026 1739 ab

67 1778 206 1839 omnibus
226 1779 381 1839 haberetur
401 1784 436 1839 ut
457 1780 532 1840 falsa
552 1785 583 1840 et
604 1781 750 1842 haeretioa.
792 1783 922 1857 Insuper,
949 1780 1027 1857 quod

67 1881 166 1959 passio
181 1881 290 1940 chrisa
303 1901 355 1958 per
368 1902 398 1942 se
411 1900 470 1940 non
484 1882 608 1942 sufficiat
617 1883 654 1942 ad
667 1882 789 1942 salutem
803 1901 862 1940 uon
882 1881 974 1940 oritur
987 1901 1026 1940 ex

70 1981 172 2058 aliquo
183 1999 235 2040 suo
249 1981 361 2040 defectu
374 1981 537 2054 intrinseco,
550 1982 647 2042 sodex
660 1982 774 2041 delectu
784 2001 900 2058 prorsus
913 1979 1025 2040 extrin-

73 2100 149 2152 seoo,
164 2099 279 2157 nempe,
300 2080 594 2158 non-applicationis3
616 2082 686 2140 dum
706 2080 911 2140 insufficientia
925 2079 1025 2157 gratiae

74 2179 248 2242 sufficientis
271 2181 456 2242 Thomistieae
477 2188 521 2242 est
543 2182 601 2260 ipsi
618 2183 784 2256 intrinseca,
799 2203 912 2260 nempe,
928 2203 966 2242 ex
979 2203 1026 2242 oa-

75 2282 381 2359 rentiapraemotionis
395 2285 531 2362 physioae.
774 2352 776 2356 ,

118 2384 164 2442 67.
186 2382 328 2442 Similiter
348 2381 454 2460 ineptae
476 2387 544 2443 sunt
570 2382 777 2444 similitudines
800 2383 921 2444 inferius
948 2385 1027 2462 (pag.

78 2482 192 2560 ars—8)
208 2483 357 2543 abeodem
377 2483 482 2543 allatae.
522 2483 659 2560 Exempli
678 2484 781 2560 gratia,
797 2485 861 2543 haeo
874 2488 918 2543 est
931 2503 1029 2542 aarum

77 2583 173 2658 prima
186 2586 257 2640 :-“
269 2581 342 2642 Cum
356 2582 466 2660 peritus
479 2582 601 2660 soriptor
620 2601 738 2640 manum
752 2581 881 2660 imperiti
894 2581 1030 2658 disoipuli

76 2688 177 2743 movet
200 2687 231 2744 et
255 2684 365 2760 dirigit,
391 2683 533 2762 quioquid
560 2688 604 2744 est
626 2683 811 2762 perfeetionis
833 2685 864 2742 in
888 2683 1031 2761 scriptura

78 2784 214 2859 magistro
228 2784 387 2845 tribuitur:
409 2789 441 2845 at
454 2785 480 2844 si
493 2783 652 2862 discipulus
662 2803 780 2843 manum
794 2781 925 2860 magistri
938 2782 1031 2860 repel-

79 2882 133 2950 lat,
148 2881 226 2958 quod
239 2887 284 2941 est
297 2881 522 2958 imperfectionis
535 2881 567 2939 in
581 2881 722 2958 scriptura
741 2899 800 2938 non
819 2867 1030 2938 tribuiturma·

79 2981 170 3057 gistro
201 3001 260 3042 non
290 2981 438 3058 dirigenti,
468 2982 518 3040 sed
548 2981 685 3058 discipuli
713 2979 869 3058 imperitiae
898 2985 928 3040 st
947 2979 1031 3038 maloe

79 3082 226 3142 voluntati
249 3102 308 3160 qua
334 3081 512 3160 adjutorium
535 3081 667 3158 magistri
688 3081 842 3142 recusavit.
885 3080 933 3140 Sia
955 3079 1033 3157 quod

80 3183 166 3242 homo
179 3183 252 3243 bene
262 3187 332 3258 agat
342 3181 529 3242 tribuendum
539 3186 584 3242 est
593 3181 703 3241 auxilio
713 3181 769 3242 Dei
782 3182 878 3259 ipsum
891 3177 1034 3239 moventis
1082 3169 1086 3176 ’

84 3287 116 3343 et
135 3281 306 3360 dirigentis:
328 3286 359 3342 at
382 3281 469 3360 quod,
491 3285 621 3341 recusato
644 3273 701 3340 Dei
726 3279 845 3352 auxilio,
871 3278 1033 3355 delinquat,

82 3405 140 3446 non
154 3384 282 3444 defectui
296 3384 403 3444 auxilii
424 3384 474 3444 sed
497 3402 593 3461 pravae
617 3384 681 3461 ejus
697 3381 852 3454 voluntati,
868 3399 934 3458 quae
949 3379 1033 3438 auxi-

82 3487 155 3545 lium
175 3486 329 3559 recusavit,
362 3485 535 3546 tribuitur.''
583 3485 669 3561 Resp.
702 3483 777 3543 Sane
799 3481 979 3559 imperiectio
1001 3480 1034 3539 in

84 3587 227 3663 scriptura
250 3586 416 3645 nullomodo
447 3585 603 3647 tribuenda
624 3590 668 3644 est
699 3582 865 3658 “magistro
886 3600 941 3640 aon
965 3579 1034 3639 diri·

83 3689 163 3769 genti
175 3689 204 3750 :’'
227 3689 305 3750 siout
320 3693 350 3750 et
363 3693 425 3750 tota
437 3687 578 3766 perfectio
598 3685 752 3746 tribuenda
765 3689 808 3745 est
818 3683 955 3761 magistro
966 3681 1035 3744 oiri·
