2410 4314
85 446 171 492 nrsr.
189 427 241 512 ru]
289 427 345 490 De
359 424 506 490 Stotz'bus
519 425 689 492 Humano
704 427 857 498 Natura.
994 455 1032 516 27

84 592 200 669 scriptis
211 591 395 670 quibusdam,
411 611 503 668 nuper
513 591 600 651 editis
613 597 643 652 et
652 593 711 653 late
725 595 880 673 dissipatis,
896 601 1034 664 doctrina

84 694 119 752 de
132 693 188 751 hoo
202 695 371 768 argumento
392 692 490 751 minus
513 693 641 769 probata
656 697 686 753 et
699 695 783 756 valde
805 699 982 776 periculosa,
998 723 1034 764 nc

82 792 187 865 dicam,
200 796 230 852 et
239 791 458 852 definitionibus
466 791 603 852 Ecclesia
617 798 819 870 repugnantes,
835 802 1033 863 recrudescere

82 891 263 970 inceperunt

121 996 170 1051 33.
191 989 331 1051 Doctrina
352 989 520 1050 Lntherana
542 992 572 1050 ct
594 990 767 1052 Calviniana
793 995 917 1060 affirmat
944 1000 1032 1078 origi·

80 1091 176 1165 nalem
186 1089 333 1168 justitiam
347 1109 405 1148 non
418 1089 512 1149 solum
526 1089 654 1150 debitam
672 1091 762 1154 luisse
776 1095 888 1156 Adsmo
902 1102 932 1158 et
945 1104 1032 1162 natu-

80 1191 180 1263 ralem,
202 1191 252 1251 sed
269 1190 360 1252 fuisse
379 1194 490 1268 partem
513 1191 577 1269 ejus
596 1195 707 1252 natura
722 1196 913 1259 essentialem.
952 1200 1033 1261 Dicit

81 1290 229 1350 Lutherus
248 1289 335 1350 fidem
354 1295 384 1349 et
403 1309 529 1349 amorem
543 1290 599 1349 Dei
613 1290 644 1350 in
658 1310 692 1351 co
705 1311 765 1353 non
777 1293 874 1356 minus
887 1300 1033 1360 naturalia

81 1390 180 1462 fuisse,
206 1395 226 1425 ‘¹
237 1409 325 1468 quam
340 1390 472 1450 naturale
486 1393 538 1463 est,
562 1391 640 1468 quod
653 1392 731 1452 oculi
743 1393 842 1455 lumen
855 1397 1030 1475 recipiunt.”

84 1494 103 1524 “
113 1490 185 1549 Haec
199 1490 322 1567 probant
331 1490 477 1567 justitiam
492 1509 553 1550 esse
567 1491 603 1550 de
616 1495 720 1551 natura
733 1492 867 1569 hominis,
884 1496 919 1556 et
933 1502 1030 1558 cutem

80 1609 132 1666 per
151 1593 302 1666 peccatum
325 1588 438 1661 amissi,
462 1593 521 1648 nou
542 1590 680 1650 mansisse
700 1591 814 1669 integra
826 1596 980 1670 naturalia,
996 1603 1032 1658 ut

81 1689 208 1748 delirant
221 1688 414 1748 scholastici.”
456 1689 577 1750 Luther.
597 1689 629 1748 in
643 1690 746 1752 Gencs.
760 1692 814 1768 iii,
837 1695 915 1772 apud
929 1696 1029 1756 Moch-

80 1789 169 1862 ler,l.
189 1787 247 1867 1,§
265 1793 293 1848 6.

120 1894 167 1947 34.
191 1887 275 1954 Quod
296 1887 402 1947 attinet
425 1889 461 1947 ad
485 1907 594 1948 errores
609 1889 683 1958 Boii,
703 1891 855 1967 sequentia
872 1912 910 1952 ex
924 1895 1028 1956 disser-

79 1989 189 2048 tatione
217 1988 252 2046 ds
280 1987 383 2046 iisdem
411 1988 555 2046 erroribus
577 2009 594 2046 a
621 1991 656 2048 D.
674 1989 838 2063 Scanatus,
866 1993 1028 2070 Mogentioe

78 2107 172 2165 nuper
185 2088 272 2160 edita,
289 2093 444 2146 sumuntur
459 2091 500 2165 (p.
518 2093 545 2160 6,
560 2088 635 2160 tro).
676 2089 860 2166 Praeponitur
870 2112 952 2154 novae
966 2095 1027 2154 edi·

77 2187 153 2248 tioni
167 2187 268 2246 eximii
282 2187 415 2264 opusculi
437 2187 562 2258 casnm,
586 2188 696 2254 “Quid
710 2195 753 2247 est
766 2189 863 2249 Homo
877 2191 917 2251 ?''
938 2212 1026 2269 quom

77 2287 311 2348 annotationibus
325 2287 442 2363 optimis
456 2287 541 2345 auxit
554 2287 686 2346 eruditus
700 2288 754 2347 iste
768 2289 918 2366 theologus
927 2313 977 2350 :-

119 2385 263 2445 “Falsum
278 2391 330 2459 est,
338 2386 442 2445 Baium
452 2385 596 2445 censuisse
606 2386 669 2445 hmo
677 2388 752 2446 bona
762 2385 815 2467 [ad
824 2392 932 2448 statum
941 2391 1029 2467 primi

74 2486 202 2546 hominis
223 2485 401 2562 pertinentia
418 2489 448 2546 et
467 2505 519 2562 per
537 2487 690 2563 peccatum
708 2485 846 2561 originale
861 2488 1028 2570 deperdita]

74 2589 117 2646 ita
143 2586 298 2656 nataralia,
327 2589 362 2644 ut
385 2585 422 2644 ad
443 2585 597 2645 essentiam
621 2585 916 2664 constitutionemque
939 2589 1027 2664 primi

73 2685 201 2746 hominis
219 2685 424 2763 pertinuerint,
447 2685 518 2744 adeo
532 2688 576 2757 ut,
595 2685 634 2744 iis
647 2685 778 2758 sublatis,
798 2687 884 2744 homo
893 2686 957 2764 jam
969 2707 1027 2747 non

72 2788 158 2846 homo
175 2789 260 2844 esset.
302 2783 387 2850 Quod
401 2783 426 2843 si
439 2783 596 2861 aliquando
613 2783 721 2842 dixisse
735 2784 861 2855 videtur,
885 2790 919 2843 ut
935 2804 1026 2862 quum

72 2886 124 2959 ait,
138 2883 286 2944 hominem
299 2903 360 2944 esse
374 2889 501 2943 creatum
515 2883 552 2942 ad
567 2883 649 2960 juste
673 2881 846 2960 (meritorie)
868 2885 1022 2960 agendum,

72 2985 149 3044 siout
162 3003 244 3044 avem
259 2983 442 3056 advolutum,
460 3003 517 3042 uon
531 2983 651 3060 proinde
665 2984 725 3041 vim
740 2984 919 3061 formamque
933 2984 1024 3059 illam,

71 3103 131 3162 qua
140 3083 221 3161 juste
234 3082 347 3142 vivitur
367 3081 497 3160 (justitia
511 3081 697 3160 sanctitatis),
720 3081 762 3140 ita
782 3082 818 3141 ad
832 3084 1023 3144 substantiam

70 3183 198 3242 hominis
217 3182 365 3260 pertinere
383 3181 458 3254 vult,
473 3183 509 3240 ut
521 3181 558 3241 ad
576 3181 768 3240 substantiam
790 3181 852 3240 avis
872 3182 949 3255 alas;
972 3185 1022 3243 sed

71 3285 189 3344 tautum
200 3281 427 3341 affirmatesdem
439 3280 683 3358 acaecitaicfim'a
698 3301 755 3338 nou
764 3281 894 3355 essentia,
911 3283 1022 3342 homini

69 3381 224 3444 convenire
238 3381 313 3440 dona
326 3379 488 3440 sanctitatis
501 3384 531 3440 et
543 3379 731 3456 integritatis,
748 3384 782 3438 ut
795 3381 867 3439 benc
880 3382 1021 3458 beateque

69 3481 159 3556 vivat,
176 3475 309 3558 quaevis
322 3482 426 3540 natura
439 3479 499 3538 alas
515 3478 608 3555 exigit
620 3481 655 3538 ut
668 3479 806 3550 volatum,
820 3479 857 3537 ad
870 3498 956 3556 quem
969 3499 1021 3556 per

69 3601 99 3641 se
112 3579 258 3641 destinata
272 3583 325 3652 est,
344 3579 481 3656 consequi
493 3578 585 3656 possit
586 3619 747 3638 ......
768 3577 910 3636 Naturale
923 3579 1018 3655 quoad

67 3682 143 3742 bona
156 3680 306 3758 originalis
316 3679 441 3758 justitia
456 3679 558 3738 definit
572 3679 602 3736 id
616 3677 694 3754 quod
709 3676 748 3736 sit
761 3675 881 3736 dolitum
894 3683 1016 3750 natura,
