2408 4304
31 422 138 472 msc.
154 397 219 494 xa]
273 403 328 469 Da
345 377 602 489 Properabatur
619 399 767 490 Justrfic.
947 405 1008 486 387

37 573 120 630 dam
149 571 274 630 delectos
300 569 433 630 dabimus
459 569 520 648 qui,
548 573 583 630 ut
611 570 735 640 videtur,
766 566 947 628 communius
975 571 1006 628 et

40 669 198 731 fidentius
212 670 247 730 ab
263 669 433 730 adversariis
446 673 599 746 urgentur.

96 775 147 832 12.
174 771 273 852 Objcct.
289 776 316 834 3.
339 777 359 811 “
369 773 437 850 Ipse
456 769 534 831 enim
552 770 680 848 Spiritus
699 768 899 832 testimonium
916 769 1012 832 reddit

48 871 181 951 spiritui
192 876 290 934 nostro
303 873 381 952 quod
395 891 496 932 sumus
508 871 564 930 filii
573 871 660 932 Dei.”
695 872 780 932 Rom.
794 871 858 932 viii.
875 875 920 932 16.
954 869 1014 938 cui

47 972 150 1032 habet
163 969 433 1034 testimonium'Dei
452 991 483 1032 se
502 991 563 1032 esse
576 971 692 1048 justum
709 971 797 1032 habet
810 969 1014 1032 certitudinem

48 1069 131 1130 fidei
151 1089 181 1130 se
202 1089 263 1132 esse
282 1069 405 1150 justum.
446 1069 540 1148 Atqui
554 1070 646 1130 omnis
655 1070 756 1148 justus
770 1067 913 1148 ejusmodi
930 1066 1015 1130 testi-

49 1169 195 1230 moninm
208 1169 306 1230 habet.

102 1273 150 1330 13.
171 1270 254 1345 Respa
276 1267 436 1345 Distingno
457 1269 613 1346 majorem:
643 1267 702 1336 Qui
715 1267 803 1328 habet
817 1265 1016 1328 testimonium

49 1369 118 1429 Dei
142 1351 262 1440 certum,
279 1368 397 1428 ,clarum
420 1371 450 1428 et
470 1367 652 1427 absolutum:
678 1366 827 1428 Concedo:
852 1365 911 1434 Qui
934 1365 1017 1428 testi·

54 1465 194 1527 monium
206 1466 297 1528 habet
309 1466 427 1526 nonnisi
447 1465 601 1542 incertum,
624 1465 691 1544 plus
711 1465 809 1525 miuus
826 1465 974 1544 probabile
987 1470 1018 1525 ot

59 1564 314 1628 conditionatum:
338 1568 429 1644 Nego.
470 1565 626 1644 Distinguo
648 1565 805 1626 minorem:
835 1563 935 1626 Omnis
954 1565 1017 1642 jus·

60 1672 126 1740 tus,
151 1669 204 1728 aut
225 1667 306 1728 ullus
328 1667 460 1747 (nisiex
483 1667 602 1745 speciali
620 1667 819 1744 revelatione),
841 1666 922 1744 prius
935 1665 1019 1726 testi-

60 1765 197 1826 monium
218 1767 326 1828 habet:
348 1768 449 1844 Nego:
471 1768 609 1828 Alterum
631 1766 728 1840 habet,
750 1770 780 1826 et
800 1765 833 1826 id
855 1765 961 1828 sufficit
983 1767 1021 1826 ad

61 1885 180 1925 omnem
199 1885 335 1944 angorem
355 1870 386 1927 et
399 1867 532 1927 timorem
552 1865 677 1926 nimium
698 1873 728 1926 et
740 1866 910 1926 obruentem
924 1864 1020 1944 depel-

63 1964 189 2026 lendum
216 1966 309 2044 (quod
335 1969 443 2040 tamen,
472 1967 508 2026 ob
532 1985 633 2026 causas
659 1965 859 2044 particulares,
887 1985 915 2027 v.
938 1985 967 2042 g.
989 1965 1022 2024 in

62 2063 243 2141 scrupulosis
257 2065 444 2142 quibusdam,
459 2085 518 2127 non
531 2085 644 2143 semper
657 2064 775 2144 efficit):
799 2065 942 2126 Concedo.

109 2165 156 2222 14.
183 2162 314 2241 Urpatwr.
355 2163 423 2224 Dici
441 2184 499 2224 non
521 2168 617 2242 potest
636 2165 672 2226 de
690 2165 752 2226 Deo
765 2165 880 2226 infinite
893 2165 1023 2244 sapiente

68 2267 101 2323 et
114 2265 242 2340 potente,
258 2282 324 2323 eum
337 2283 468 2341 unquam
482 2264 551 2324 dare
564 2263 765 2324 testimonium
777 2263 931 2326 incertum.

114 2367 160 2422 15.
181 2365 265 2440 Resp.
288 2363 462 2442 Distingno:
485 2363 602 2426 Sivelit
615 2364 1021 2441 testimoniumdarccertum,

71 2461 121 2523 cui
140 2460 246 2522 falsum
266 2463 381 2524 subesse
402 2483 460 2524 non
480 2466 591 2541 potest:
625 2464 775 2524 Concedo:
806 2463 847 2538 si,
869 2465 905 2524 ob
925 2484 1025 2526 causas

72 2558 305 2638 sapientissimas,
330 2559 362 2622 in
382 2562 437 2623 hac
450 2562 498 2624 vel
517 2562 569 2622 illa
587 2581 628 2636 re,
643 2561 717 2624 velit
737 2562 805 2622 dare
826 2563 1026 2625 testimonium

71 2660 141 2738 plus
162 2660 259 2721 minus
281 2663 443 2722 incertum:
472 2662 565 2739 Nego.
603 2661 641 2722 10.
662 2661 765 2740 Ipsum
784 2662 885 2724 lumen
906 2663 1026 2724 rationis

74 2766 129 2836 est,
156 2758 189 2818 in
215 2761 316 2820 ordino
338 2761 476 2836 naturali,
506 2761 651 2838 quoddam
675 2761 874 2824 testimonium
894 2763 973 2824 Dei:
995 2769 1026 2824 et

75 2866 184 2936 tamen,
206 2861 275 2920 dum
297 2859 355 2920 alia
376 2859 442 2920 luce
469 2857 590 2920 clariora
615 2860 699 2920 nobis
724 2861 803 2936 facit,
829 2861 885 2927 alia
907 2863 1027 2924 obscura

76 2967 173 3040 habet,
202 2965 336 3044 quadam
363 2965 453 3026 solide
479 2965 649 3044 probabilia*
692 2966 736 3027 2⁰.
758 2965 834 3028 Sunt
859 2967 1024 3046 aliquando,

77 3066 166 3128 etiam
184 3064 218 3125 in
239 3063 406 3126 hominibus
430 3065 545 3139 sanctis,
569 3069 666 3126 motus
688 3065 723 3124 de
746 3065 854 3144 quibus
877 3067 949 3127 certi
968 3087 1026 3128 non

77 3171 147 3228 sunt
159 3169 261 3226 utrum
281 3165 515 3241 supernaturales
528 3183 565 3223 an
578 3164 725 3224 naturales
738 3164 805 3237 sint,
825 3167 924 3224 utrum
937 3165 997 3226 sint
1010 3186 1028 3226 a

79 3269 139 3326 Deo
149 3285 187 3326 au
197 3263 344 3325 adiabolo.
378 3264 420 3323 3⁰.
435 3263 564 3341 Singulae
575 3263 783 3342 propositiones
795 3263 827 3322 in
837 3263 864 3324 S.
876 3263 1028 3342 Scriptura

78 3365 197 3425 totidem
212 3367 280 3424 sunt
293 3361 458 3422 testimonia
472 3368 501 3422 et
513 3362 672 3422 locutiones
682 3361 739 3423 Dei
751 3361 918 3422 hominibus
930 3363 1025 3426 faotae.

77 3465 155 3531 Quot
168 3482 235 3525 vero
249 3481 287 3523 ex
300 3462 336 3522 iis
350 3466 419 3521 sunt
431 3462 515 3522 valdo
527 3463 653 3522 obscurae
665 3461 678 3520 l
707 3462 750 3522 40.
773 3461 1024 3539 sapientissimum

79 3566 165 3626 finem
177 3566 266 3625 habet
280 3551 360 3624 Deus
375 3563 459 3623 nobis
472 3583 531 3622 non
544 3562 707 3641 elargiendo
722 3562 928 3624 certitudinem
940 3564 1025 3634 istam

78 3668 181 3726 nostrae
200 3663 419 3743 justificationis
440 3664 609 3724 absolutam.
651 3665 695 3724 Ut
713 3662 790 3723 enim
811 3663 852 3724 ait
865 3663 893 3722 A
906 3665 1026 3726 Lunna
