2402 4292
46 455 150 502 mar.
168 433 235 526 nn]
280 436 336 502 De
349 437 488 504 Natura
503 439 535 500 at
556 434 603 500 Vz'
616 435 709 501 erat.
726 435 840 502 Hadid.
957 458 1018 527 307

40 603 255 679 perfectionis,
271 606 335 662 tum
348 603 511 664 sanctitatis
526 602 635 662 scilicet
648 607 711 662 tum
725 603 895 681 adoptionis,
914 624 973 664 non
985 609 1034 666 ut·

49 723 183 762 oausam
203 704 362 778 formalem,
388 707 438 764 sed
460 707 494 763 ut
514 723 630 764 causam
651 705 820 765 efficientem
834 708 864 766 et
877 709 910 765 ut
923 707 1019 766 termi-

51 825 136 863 num
151 805 202 863 cui
216 805 453 882 conjungimur.”

97 907 174 963 ³⁵23.
198 906 346 983 Quicquid
359 909 394 972 de
408 909 463 965 hoc
488 906 604 979 dicitur,
629 910 752 983 gratum·
764 926 811 966 me
824 927 898 984 opus
918 909 1021 969 lectori

54 1024 168 1064 censeo
195 1009 404 1082 praestiturum,
434 1006 624 1066 exscribendo
650 1025 715 1084 quae
738 1007 816 1065 idem
843 1009 968 1068 Lassrus
988 1009 1028 1068 in-

53 1121 149 1180 opere
164 1103 255 1178 priori
280 1103 364 1181 (ibid,
391 1123 420 1164 n.
445 1103 496 1180 73)
521 1104 557 1162 de
581 1103 732 1163 effectibus
755 1103 845 1180 hujus
858 1105 1021 1181 adoptionis

49 1203 256 1282 pulcherrime
279 1204 394 1262 disserit
404 1210 476 1264 :—“
487 1204 604 1270 Quanta
630 1203 776 1276 distantia,
806 1223 894 1280 quam
920 1205 1021 1282 ingens

57 1302 256 1362 intervallum
277 1303 355 1363 inter
378 1307 487 1363 statum
507 1301 650 1383 [peccati]
669 1323 707 1362 ex
728 1323 785 1379 quo
807 1305 907 1381 erepti,
931 1309 961 1364 et
984 1306 1020 1364 ad

60 1421 154 1479 quem
184 1401 251 1482 [per
277 1401 477 1481 adoptionem]
506 1403 600 1460 evecti
627 1401 751 1460 sumus?
777 1402 854 1461 inter
874 1402 1017 1478 intimum,

61 1522 124 1580 quo
135 1501 213 1560 infra
227 1521 341 1561 omnem
353 1505 512 1560 creaturam
534 1521 648 1560 eramus
659 1501 794 1578 depressi,
811 1506 841 1561 et
854 1503 930 1562 inter
944 1523 1020 1562 sum-

61 1621 159 1673 mum,
176 1621 233 1678 quo
248 1621 336 1678 supra
350 1621 464 1660 omnem
478 1605 589 1660 naturae
603 1605 706 1660 creatae
721 1603 921 1662 excellentiam
936 1603 1022 1662 attol-

58 1701 179 1762 limur?
211 1700 289 1760 inter
319 1705 429 1760 statum
450 1700 563 1759 inimici
585 1705 614 1760 et
634 1701 691 1760 filii
714 1701 898 1762 charissimi?
948 1703 1029 1763 Sane

58 1799 165 1876 negari
190 1819 250 1858 non
277 1803 374 1878 potest
401 1800 475 1878 quin
501 1799 676 1860 immensum
699 1801 739 1860 sit
761 1801 866 1861 horum
893 1805 1028 1862 statuum*

58 1900 262 1973 intervallum,
291 1919 358 1959 curn
380 1901 488 1975 gradus
509 1899 617 1959 diversi
630 1899 741 1959 ordinis
756 1904 892 1978 (quorum
903 1901 1025 1978 proinde

65 1999 226 2059 discrimen
235 2003 279 2058 est
292 1998 518 2076 incomparabile
536 2018 569 2058 aa
589 1998 775 2074 immensum)
797 2000 856 2060 sint
868 2000 1025 2079 interjecti.

63 2099 145 2160 Nam
168 2099 244 2158 inter
267 2103 376 2158 statum
398 2099 510 2176 peccati
531 2104 560 2158 et
583 2103 690 2158 statum
704 2101 790 2160 nudae
804 2100 1025 2180 innocentisque

65 2203 182 2259 naturae
193 2201 237 2258 est
248 2200 391 2276 quoddam
403 2199 589 2258 intervallum
599 2200 764 2260 infinitum:
778 2203 935 2279 parimodo
948 2201 1025 2262 inter

65 2303 178 2359 statum
200 2299 364 2358 innocentis
383 2302 495 2358 naturas
516 2299 651 2358 humanae
673 2305 702 2358 et
721 2301 872 2360 felicitatis
886 2301 1025 2377 angelicas

68 2395 262 2478 [naturalis]:
286 2397 411 2475 denique
433 2397 510 2456 inter
537 2401 647 2456 statum
674 2399 837 2474 angelicum
857 2400 1025 2460 atfiliorum

66 2499 136 2558 Dei.
178 2499 308 2557 Tantum
322 2498 399 2555 enirn
420 2497 497 2556 inter
516 2497 569 2554 hos
591 2487 685 2555 status
709 2498 872 2568 discrimen,
894 2499 1026 2558 utnulla

66 2601 207 2657 bonorum
221 2597 351 2674 ejusdem
363 2597 471 2654 ordinis
486 2595 664 2672 appositione
678 2598 713 2655 ab
732 2596 868 2656 inferiore
887 2598 923 2656 ad
941 2616 1026 2674 supe·

68 2698 174 2756 riorem
197 2696 343 2773 perveniri
356 2700 386 2756 et
399 2695 516 2755 ascendi
537 2695 637 2772 possit.
680 2698 737 2775 (l.)
759 2695 818 2762 dui
840 2696 917 2754 euim
938 2701 982 2756 est
995 2697 1027 2756 in

70 2800 151 2857 statu
163 2796 273 2873 peccati
286 2796 440 2869 mortiferi,
458 2795 513 2854 etsi
526 2798 634 2873 absque
648 2796 706 2854 fine
720 2796 842 2868 divitiis,
858 2796 1025 2870 honoribus,

71 2896 200 2973 imperiis
213 2900 243 2956 et
256 2895 353 2971 regnis
367 2895 543 2965 cumuletur,
565 2895 744 2954 miserrimus
765 2900 817 2970 est,
832 2915 1027 2974 necunquam

74 2997 112 3068 ei,
129 2995 220 3072 quiin
235 2999 312 3055 statu
335 3000 448 3054 naturae
469 2977 744 3068 innocenter'rivit,
760 2995 901 3055 felicitate
914 2995 1027 3072 compa·¹

74 3096 134 3155 rari
145 3096 267 3172 poterit:
290 3094 402 3171 peccati
416 3095 493 3152 enim
507 3094 650 3153 mortiferi
664 3095 830 3171 malignitas
842 3095 933 3154 nullis
945 3096 1029 3156 bonis

76 3195 197 3274 opprimi
209 3199 313 3272 potest,
328 3195 401 3272 quin
411 3194 558 3254 hominem
568 3194 743 3253 vilissimum
754 3199 784 3255 et
797 3195 1029 3254 infelicissimum

75 3295 168 3356 faciat.
207 3298 268 3372 (2.)
291 3294 351 3360 Qui
365 3314 433 3353 vero
447 3299 491 3353 est
505 3293 537 3352 in
551 3298 631 3354 statu
645 3298 759 3354 naturas
778 3294 941 3354 innocentis
954 3315 1031 3354 nun·

78 3415 161 3474 quam
173 3395 281 3472 poterit
295 3395 333 3454 ad
348 3394 556 3471 perlectionem
577 3396 737 3471 angelicam
759 3393 952 3476 [naturalem]
967 3415 1032 3472 pcr-

80 3497 196 3571 tingere,
212 3494 328 3553 etiamsi
342 3496 450 3571 absque
463 3493 522 3552 fine
535 3495 617 3553 bonis
631 3496 775 3567 humanis,
789 3514 913 3572 quorum
923 3495 1033 3555 scilieet

82 3600 180 3654 natura
192 3595 273 3654 illius
285 3596 317 3654 vi
331 3615 384 3654 sua
398 3603 442 3654 est
455 3615 555 3671 capax,
575 3601 606 3653 ut
616 3597 726 3668 robore,
742 3595 881 3671 agilitate,
903 3596 1032 3672 pulchri·

87 3697 190 3772 tudine,
206 3696 337 3767 sanitate,
356 3697 533 3773 eloquentia,
557 3697 708 3769 industria,
728 3697 906 3782 experientia
925 3717 1030 3770 rerum,
