2410 4318
71 427 157 478 mse.
174 404 262 496 vnn]
308 403 487 475 Concordia
506 406 631 474 Grolc'cc
645 405 879 475 cth'bcrtotc's.
956 431 1014 492 271

70 577 189 638 iiatur:
211 575 444 654 quandoquidem
467 575 502 634 de
524 574 581 635 fide
603 578 647 636 est
666 595 748 652 eum,
772 575 825 652 qui
843 576 1021 653 praevenitur

67 677 165 755 gratia
185 681 215 737 et
227 681 347 737 vocetur
367 677 402 736 ad
422 677 519 750 fidem,
541 697 623 754 posse
643 697 694 754 per
708 697 793 736 suum
806 677 932 738 liberum
946 679 1020 738 arbi·

68 779 162 840 trium
175 799 233 838 non
247 778 407 838 consentire
425 781 455 837 et
471 797 531 836 non
544 779 682 852 converti,
703 779 782 838 utin
798 779 926 838 Concilio
940 779 1019 840 Trid.

69 899 139 938 sess.
156 883 183 950 6,
202 899 263 956 cup.
282 883 298 936 5
314 883 344 939 et
357 897 419 938 can.
436 883 453 936 4
469 878 622 937 definitum
642 882 694 938 est.
736 877 831 944 Quare
849 878 913 938 fieri
926 883 1022 955 potest

69 985 106 1040 ut
130 980 261 1053 duorum,
287 980 339 1058 qui
358 978 464 1056 aequali
487 979 598 1038 auxilio
619 979 742 1040 interius
763 980 857 1039 aDeo
870 985 1019 1052 vocantur,
1087 1009 1089 1014 ·

66 1102 149 1141 unus
162 1103 214 1160 pro
230 1083 363 1142 libertate
383 1079 429 1138 sui
444 1081 559 1140 arbitrii
573 1085 765 1151 eonvertatur,
781 1085 811 1140 et
825 1083 899 1141 alter
911 1083 943 1142 in
955 1083 1020 1141 infi-

71 1183 193 1243 delitate
207 1190 382 1261 permaneat.
418 1187 500 1262 Scepe
512 1183 588 1242 enim
603 1183 709 1242 accidit
722 1187 757 1243 ut
768 1202 833 1241 cum
845 1203 902 1260 quo
911 1185 1022 1243 auxilio
1093 1241 1096 1248 ,

70 1304 150 1344 unus
160 1304 217 1343 non
228 1287 406 1345 convertitur
413 1287 489 1345 clius
500 1289 684 1344 convertatur
695 1306 702 1342 :
719 1285 749 1342 id
760 1284 837 1360 qnod
846 1283 916 1342 setis
924 1288 1022 1360 aperte

69 1385 169 1445 docuit
183 1385 315 1445 Christus
328 1387 472 1446 Dominus
486 1407 523 1446 ex
537 1406 571 1444 ea
585 1385 738 1444 collatione
753 1385 912 1443 incolarum
930 1386 1021 1444 Beth·

69 1487 158 1546 saidce
173 1491 202 1545 et
216 1486 351 1546 Oorosain
365 1508 431 1547 cum
440 1487 536 1563 Tyriis
550 1491 580 1544 et
593 1485 729 1545 Sidoniie
769 1486 835 1543 Imo
848 1485 914 1544 fieri
926 1489 1022 1563 potest

69 1592 105 1644 ut
119 1585 226 1664 aliquis
246 1592 415 1663 praeventus
435 1592 465 1645 et
479 1589 598 1644 vocatus
619 1585 706 1659 longe
726 1584 829 1661 majori
844 1585 956 1644 auxilio
969 1605 1022 1662 pro

69 1705 124 1744 sua
137 1684 271 1744 libertate
291 1703 349 1743 non
370 1688 564 1754 convertatur,
587 1688 617 1742 et
637 1683 711 1741 alius
731 1702 798 1741 cum
818 1683 903 1758 longe
916 1682 1023 1740 minori

70 1790 264 1845 convertatur.
299 1786 381 1863 Saepe
392 1785 470 1845 enim
481 1786 561 1844 Deus
571 1788 664 1859 vocat,
675 1787 705 1844 et
714 1787 876 1861 peccatores
884 1789 1020 1856 renuunt,

70 1885 294 1962 despiciuntque
308 1904 393 1944 omne
407 1885 560 1945 consilium
573 1885 639 1944 Dei.
675 1884 830 1944 Neminem
840 1883 917 1944 enim
933 1887 1021 1956 Deus,
1060 1899 1061 1902 ’

70 1985 133 2043 vim
153 1983 410 2063 necessitatemque
429 1985 590 2058 inferendo,
612 1983 760 2044 consuevit
775 1985 812 2044 ad
826 2004 856 2043 se
870 1984 1020 2056 adducere,

70 2084 123 2144 sed
142 2087 243 2162 sponte
267 2103 319 2144 sue
342 2104 375 2144 ac
393 2084 544 2146 voluntate
564 2085 688 2162 quisquc
709 2084 892 2145 adducitur.’'
936 2084 1019 2157 Idem,

70 2186 100 2245 d.
126 2189 172 2246 12.

113 2291 160 2345 92.
183 2287 226 2346 30.
249 2291 268 2322 “
281 2287 352 2347 (ium
373 2287 499 2347 liberum
518 2287 672 2347 arbitrium
691 2306 750 2346 nna
764 2307 830 2346 cum
844 2286 953 2346 auxilio
967 2286 1023 2346 Dei

72 2387 229 2446 efficienter
249 2387 280 2447 in
305 2392 412 2461 actum,
441 2408 498 2465 quo
521 2409 551 2448 se
575 2389 612 2446 cd
631 2387 871 2466 justificationem
895 2387 1024 2464 disponit

74 2485 202 2568 [homo]‚
227 2485 342 2560 influat,
368 2490 464 2565 sitque
491 2507 577 2547 ceusu
600 2487 692 2546 liberu
715 2491 817 2564 potens
843 2486 946 2564 majori
972 2491 1024 2545 aut

73 2585 179 2644 minori
193 2590 298 2646 conatu
311 2607 362 2664 pro
376 2607 429 2646 sue
438 2587 573 2648 libertate
583 2586 713 2657 influere,
725 2586 828 2663 utique
839 2587 874 2644 ab
883 2585 1024 2663 ineequali

74 2690 181 2745 conatu
198 2691 228 2746 et
240 2687 358 2748 influxu
379 2688 461 2748 liberi
483 2687 596 2748 arbitrii
617 2687 767 2764 provenire
787 2691 883 2764 potest
897 2691 939 2758 ut,
955 2706 1022 2746 con-

73 2789 185 2847 ferente
212 2788 273 2847 Deo
295 2789 409 2848 duobus
430 2789 596 2848 hominibus
620 2788 732 2866 ecquale
756 2787 903 2846 auxilium
922 2786 1023 2862 gratim

75 2887 243 2964 odjucooiic,
267 2907 344 2946 unus
364 2907 464 2948 eorum
483 2888 627 2947 intensius
648 2891 791 2964 operetur,
813 2887 975 2964 meliusque
995 2908 1025 2947 sc

75 2991 210 3067 disponet
222 2991 257 3049 ad
271 2991 393 3066 gratiam
404 2991 615 3067 justificantem
630 3009 717 3066 quam
736 2989 830 3060 alius3
851 2993 881 3048 et
894 2995 936 3063 ut,
956 3009 1023 3049 con·

76 3091 187 3149 ferente
214 3089 324 3149 eisdem
349 3090 506 3166 inaequalia
526 3089 651 3162 auxilie,
675 3108 758 3166 aeque
782 3094 936 3166 operentur
943 3111 951 3162 ς
973 3094 1026 3148 aut

76 3188 102 3248 is
124 3188 274 3248 interdum
294 3190 370 3266 plus,
392 3192 443 3266 qui
462 3189 568 3248 minori
592 3188 732 3248 suffultus
762 3193 806 3248 est
827 3188 947 3248 auxilio.
988 3189 1026 3247 Id

78 3289 154 3364 quod
172 3293 201 3348 et
215 3290 345 3350 doctores
365 3289 473 3367 possim
493 3289 648 3359 affirmant,
664 3291 804 3365 stupente
824 3292 927 3347 sonant
939 3288 1027 3347 verbe

77 3393 129 3450 illa
144 3392 267 3451 Ooncilii
289 3393 368 3454 Trid.
394 3413 463 3452 sess.
487 3398 515 3464 6,
536 3413 597 3470 cup.
616 3393 706 3454 7:-‘
719 3393 871 3453 iustitiam
893 3393 924 3452 in
944 3393 1026 3453 nobis

77 3490 260 3568 recipientes,
295 3493 496 3570 unusquisque
531 3513 623 3566 suam,
671 3493 828 3552 secundum
861 3512 1026 3552 mensuram

78 3611 164 3670 quam
188 3592 315 3669 Spiritus
342 3594 465 3653 Sanctus
488 3593 617 3670 partitur
641 3593 765 3670 singulis
787 3597 875 3671 prout
893 3593 968 3665 vult,
996 3599 1026 3654 et

76 3693 222 3753 secundom
248 3693 393 3772 propriam
420 3694 562 3772 cujusque
591 3693 810 3772 dispositionem
844 3698 874 3755 et
901 3713 1025 3772 coopero-
