2424 4300
162 500 223 543 110
538 477 593 541 De
611 475 741 542 Gratas.
930 476 1050 566 ¹[ursr.
1068 499 1113 542 ιν.

157 647 193 704 ad
217 645 395 723 peccandum
419 644 581 702 mortaliter
602 643 760 702 necessaria
778 647 822 702 cst
842 645 973 720 potentia
996 645 1115 704 moralis

157 745 272 804 vitandi
291 749 450 821 peccatum,
467 743 570 801 saltem
590 763 642 820 pro
663 762 695 801 eo
710 746 838 820 tempore
852 744 900 801 vel
913 749 1062 803 momento
1081 745 1115 802 iu

158 865 216 923 quc
239 849 383 921 peccatur,
400 843 470 920 quia
491 843 576 902 debet
598 863 659 902 esse
681 846 763 901 actus
784 844 954 902 humanus''
978 845 1021 919 (u.
1049 844 1112 923 34).
1203 847 1206 868 ¹

159 949 308 1018 Attamen,
333 946 433 1004 habita
459 944 571 1004 ratione
599 943 690 1003 totius
716 943 895 1016 tentationis,
919 945 975 1004 etsi
999 949 1115 1005 mancat

157 1047 287 1123 potentia
300 1047 430 1124 physica,
446 1045 544 1105 deficit
563 1046 695 1122 potentia
715 1044 848 1104 moralis:
873 1050 892 1078 “
903 1046 974 1123 quia
987 1047 1113 1106 liberum

156 1148 309 1208 arbitrium
328 1153 433 1206 natura
447 1167 500 1206 sua
514 1152 557 1206 est
576 1147 661 1205 valde
680 1145 837 1217 mutabile;
860 1150 890 1204 et
910 1147 975 1206 ideo
990 1149 1113 1207 tentatio

157 1253 186 1308 et
198 1248 292 1326 passio
306 1247 448 1307 contraria
461 1247 618 1306 iaciuntue
633 1249 851 1322 perseveranter
861 1245 954 1317 possit
963 1247 1114 1305 attendere

156 1351 300 1426 quantum
320 1351 433 1425 oportet
446 1348 483 1406 ad
497 1346 697 1406 resistendum.
750 1348 849 1422 Atque
871 1345 933 1404 haec
955 1347 1113 1406 necessitas

156 1449 262 1508 sufficit
281 1454 317 1508 ut
336 1447 505 1525 simpliciter
518 1466 576 1504 nou
595 1445 686 1521 possit
703 1445 789 1503 homo
807 1447 896 1504 totam
913 1445 996 1504 illam
1015 1449 1110 1506 tenta·

156 1551 263 1609 tionem
278 1550 416 1608 vincere”
439 1551 482 1627 (n.
499 1548 561 1625 35).
604 1553 624 1581 ‘⁴
636 1547 709 1605 Haec
730 1545 902 1622 impotentia
914 1546 1032 1605 moralis
1052 1567 1111 1607 nou

154 1653 298 1727 repugnat
317 1647 462 1721 libertati3
485 1647 555 1724 quia
574 1665 632 1704 uon
646 1645 846 1704 consideratur
865 1650 1000 1723 respectu
1020 1648 1111 1706 datar-
1205 1629 1206 1638 ἵ

153 1752 257 1810 minati
268 1750 389 1810 effectus
402 1749 449 1807 vel
463 1730 601 1817 momeatc',
618 1765 670 1822 pro
685 1765 742 1823 quo
761 1739 951 1804 necessitetur
965 1746 1110 1816 voluutas,

153 1851 203 1910 sed
223 1851 352 1910 absolute
372 1853 505 1925 respectu
526 1845 616 1905 totius
639 1845 810 1904 tentationis
833 1845 953 1904 confuse
974 1849 1110 1923 sumptae,

152 1971 218 2010 cum
245 1953 343 2008 tamen
369 1949 486 2007 libertas
505 1965 564 2004 nou
585 1947 702 2004 confuse
722 1945 773 2004 scd
796 1944 828 2002 iu
851 1947 960 2021 puncto
988 1945 1111 2005 definito

152 2051 329 2110 exerceatur.
370 2047 456 2107 Unde
469 2047 532 2105 haec
545 2044 717 2122 impotentia
731 2063 788 2102 non
804 2047 847 2102 est
867 2063 919 2120 per
933 2044 1109 2104 determina·

152 2149 260 2209 tionem
274 2146 412 2224 potentiae
426 2146 463 2205 ad
477 2164 579 2217 unum,
590 2163 655 2222 qum
670 2144 826 2220 opponitur
839 2134 979 2216 libertati,
991 2144 1043 2203 sed
1056 2164 1109 2222 per

151 2247 374 2308 inconstantiam
387 2251 416 2305 ct
429 2244 628 2304 infirmitatem
649 2243 802 2319 operantis,
818 2261 883 2320 qum
896 2261 956 2301 nou
975 2241 1107 2304 libertati

151 2350 200 2409 sed
214 2346 383 2407 constantiae
398 2348 427 2405 et
440 2343 606 2402 fortitudini
620 2342 800 2419 opponitur''
823 2342 864 2420 (n.
881 2343 943 2419 ³7).

189 2450 262 2508 l24.
286 2447 342 2506 Sed
362 2465 415 2505 nec
438 2445 501 2503 haec
521 2443 658 2502 resolutio
683 2461 735 2501 sua
759 2449 837 2501 caret
862 2441 1045 2515 difficultate,
1072 2449 1107 2502 ut

149 2549 247 2609 videre
260 2548 329 2608 licet
342 2546 419 2623 apud
434 2544 525 2604 Saum.
538 2561 567 2601 u.
584 2547 652 2601 299.
694 2542 731 2599 ld
745 2545 843 2600 autem
859 2542 936 2617 quod
955 2543 1107 2602 moraliter
1204 2569 1205 2572 ¹

148 2649 212 2710 fieri
224 2669 280 2708 uon
296 2650 399 2725 potest,
416 2643 471 2704 etsi
484 2642 603 2720 physice
616 2641 715 2718 possit,
728 2641 796 2718 jure
815 2641 910 2700 vocari
931 2640 1105 2718 simpliciter

147 2750 325 2829 impossibile
346 2748 443 2806 censet
467 2744 596 2803 Susanz:
620 2741 690 2817 quia
711 2739 859 2799 “effectus
882 2759 934 2798 seu
955 2741 1104 2815 objectum

147 2858 192 2913 tot
211 2853 380 2928 potestesse
401 2843 620 2904 difficultatibus
634 2841 778 2910 affectum,
793 2844 827 2900 ut
846 2858 997 2916 nunquam
1011 2842 1066 2901 fiat
1086 2862 1104 2901 a

146 2951 200 3012 tali
213 2947 343 3028 potentia
357 2942 509 3025 [physica]
523 2939 708 3000 uniformiter
722 2943 752 2998 et
765 2939 827 2998 siue
841 2939 965 3010 defectu,
980 2940 1039 2998 nisi
1052 2941 1102 3000 vel
1204 2995 1205 3016 ,

145 3050 277 3130 potentia
298 3049 428 3124 juvetur,
453 3043 501 3103 vel
522 3041 708 3099 difficultates
730 3038 880 3098 tollantur.
906 3025 961 3098 'ut
985 3041 1102 3116 quaudo

146 3151 204 3212 talc
218 3153 263 3208 est
275 3147 330 3206 hoc
343 3141 520 3221 impossibile
531 3145 565 3198 ut
578 3159 736 3216 numquam
751 3158 768 3197 a
781 3139 835 3197 tali
843 3157 929 3198 causa
942 3137 983 3196 sic
997 3139 1102 3199 affecta
1199 3153 1205 3188 ι’

145 3251 267 3322 eveniat,
284 3247 390 3307 dicitur
403 3241 573 3318 simpliciter
585 3240 763 3316 impossibile
777 3245 910 3316 respectu
923 3238 1014 3310 illius,
1031 3240 1101 3317 quia

144 3352 277 3412 absoluta
297 3343 474 3425 possibilitas
494 3359 553 3399 nou
575 3339 682 3399 dicitur
702 3345 835 3416 respectu
856 3357 949 3398 causac
968 3339 1099 3416 physicae

143 3455 221 3513 nude
246 3453 378 3526 sumpta,
401 3444 451 3505 sed
473 3445 507 3501 ut
529 3444 665 3518 spectatae
687 3459 754 3498 cum
776 3439 1010 3510 circumstantiis,
1035 3439 1099 3500 siue

143 3553 249 3632 quibus
262 3566 411 3625 nunquam
425 3544 467 3602 ita
480 3542 637 3619 operatur’'
660 3541 702 3618 (n.
720 3541 781 3616 31).

182 3653 253 3710 ³25.
275 3646 422 3724 ttuicquid
435 3643 471 3702 de
484 3640 541 3699 ista
553 3637 665 3698 ratione
679 3638 796 3711 dicitur,
811 3637 908 3697 nescio
922 3657 960 3696 an
980 3637 1097 3698 omnino

142 3756 259 3814 firmum
277 3750 316 3810 sit
340 3745 551 3824 argumentum,
574 3740 661 3815 quod,
681 3758 734 3816 per
755 3739 873 3799 modum
896 3739 1033 3818 exempli,
1056 3758 1096 3800 ex
