2424 4300
197 421 254 481 142
572 398 627 462 De
644 395 773 461 Gratziz.
995 397 1100 481 [mse.
1118 413 1150 461 v.

186 567 303 626 ciebant
325 613 332 626 .
357 612 362 625 .
388 609 394 622 .
416 610 423 624 .
446 563 577 623 relictam
601 583 661 622 csse
685 563 860 635 libertatem,
881 582 940 640 quc
964 561 1035 640 quis
1059 566 1155 640 possit

123 729 128 740 ,
184 665 308 740 obedire,
325 667 374 726 rel
394 665 480 726 aliter
501 683 531 724 se
551 682 721 742 preparare,
744 667 789 736 ut,
814 664 907 722 libere
920 667 952 722 et
972 683 1015 722 ex
1027 665 1151 742 proprio

183 765 295 840 merito,
311 767 389 825 selus
403 764 563 842 unicuique
577 764 751 824 conferatur.
792 763 876 830 Quod
894 783 963 822 sene
977 783 1038 822 non
1056 765 1153 824 solum

182 865 214 924 in
227 884 286 924 uno
308 885 358 924 seu
380 865 473 944 primo
494 867 561 923 actu
583 909 590 924 .
613 904 621 923 .
643 909 650 924 .
672 863 722 922 sed
745 863 834 922 etiem
854 863 970 924 inloto
991 882 1152 941 progressu

182 965 301 1025 virtutis
321 965 370 1026 vel
392 963 580 1043 perfeetionis
601 963 781 1024 intellexisse
803 962 974 1024 videntur.''
1019 964 1150 1037 Sunnrz,

183 1062 342 1138 Prolegom,
359 1066 386 1134 5,
404 1081 429 1122 c.
446 1065 473 1133 6,
488 1080 518 1122 n.
537 1064 583 1132 14,
600 1063 648 1119 21.

221 1163 289 1223 ⁸55.
310 1163 409 1222 Cenon
418 1162 548 1222 Trident.
561 1167 610 1232 22,
619 1181 687 1222 sess.
702 1166 729 1235 6,
745 1161 777 1220 in
791 1179 849 1239 quo
861 1157 1004 1219 definitur
1014 1161 1151 1220 doctrine

181 1263 331 1325 catholice
344 1264 393 1323 hic
407 1267 451 1323 est
467 1269 539 1324 r—-“
550 1263 582 1322 Si
597 1263 663 1340 quis
681 1263 789 1323 dixerit
804 1262 1003 1340 justificatum
1017 1263 1072 1322 vel
1086 1263 1148 1322 sins

182 1364 299 1442 speciali
319 1364 431 1424 auxilio
452 1363 509 1424 Dei
528 1363 561 1422 in
581 1368 700 1442 accepte
715 1363 835 1440 justitie
854 1381 1041 1440 perseverare
1056 1383 1147 1440 posse,

180 1464 228 1524 vel
242 1483 308 1524 cum
323 1483 355 1523 eo
373 1483 430 1522 non
450 1482 542 1540 posse,
564 1457 717 1522 anathema
737 1460 808 1522 sit.''
850 1460 961 1520 Censeo
975 1460 1144 1521 Concilium

179 1565 211 1622 in
229 1563 285 1622 hoo
303 1581 414 1623 canone
432 1581 490 1622 non
505 1543 623 1640 quidem¹
642 1561 798 1621 excludere
815 1560 1066 1637 perseverantiam
1082 1581 1146 1638 pes·

179 1663 279 1736 sivem,
294 1665 345 1723 sed
359 1664 394 1722 de
407 1661 623 1740 perseverentia
637 1661 731 1720 activa
745 1661 850 1720 diserte
864 1667 894 1719 et
905 1660 1028 1720 definite
1041 1661 1144 1740 loqui,

178 1763 254 1823 sicut
273 1763 305 1822 in
324 1783 387 1824 cen.
406 1767 451 1837 16,
473 1781 531 1821 non
545 1761 724 1822 excludendo
738 1760 985 1838 perseverentiam
1001 1761 1142 1829 activam,

178 1863 214 1921 ds
226 1861 341 1938 passive
354 1861 460 1921 diserte
474 1864 504 1921 et
514 1860 633 1922 definite
646 1859 779 1936 loquitur
791 1863 861 1918 :-“
874 1859 906 1918 si
920 1859 986 1936 quis
1000 1880 1142 1937 magnum

177 1961 252 2020 illud
272 1979 364 2038 usque
384 1960 416 2019 in
437 1961 523 2019 linem
544 1959 768 2038 perseverantias
786 1959 895 2018 donum
914 1979 944 2018 se
962 1964 1042 2019 certo
1056 1961 1140 2019 habi-

178 2067 286 2134 turum,
309 2061 442 2142 absoluta
462 2066 493 2122 et
510 2060 662 2120 infallibili
675 2059 860 2132 certitudine,
877 2059 996 2136 dixerit,
1012 2061 1073 2120 nisi
1086 2063 1139 2120 hoc

178 2183 216 2223 ex
236 2161 355 2240 speciali
377 2159 552 2224 revelatione
573 2162 715 2234 didicerit,
742 2161 895 2220 anathema
919 2161 989 2222 sit.’'
1036 2163 1079 2222 10.
1101 2164 1137 2221 In

176 2262 231 2320 hoc
251 2281 314 2323 ean.
336 2262 469 2341 loquitur
489 2263 525 2322 de
547 2261 763 2340 perseverantia
787 2279 871 2338 usquc
895 2262 925 2318 in
938 2263 1051 2338 finem
1073 2283 1139 2340 quen

178 2362 264 2421 verbe
284 2381 343 2420 non
363 2361 554 2421 inveniuntur
577 2362 608 2420 in
634 2363 725 2420 altero
749 2380 866 2418 canone.
902 2360 944 2418 2⁰.
966 2361 1004 2419 In
1019 2381 1084 2420 cen.
1100 2367 1137 2420 22

175 2461 309 2538 loquitur
332 2462 367 2520 ds
390 2462 604 2538 perseverantie
631 2481 696 2538 quse
717 2461 849 2518 habenda
873 2465 918 2520 est
940 2479 992 2537 per
1015 2463 1139 2538 speciale

176 2560 323 2634 auxilium,
339 2561 360 2620 i.
376 2581 411 2634 e,
428 2565 463 2620 ut
472 2562 535 2638 jem
548 2561 710 2620 videbimus
725 2561 767 2638 (n.
784 2560 845 2637 62),
858 2559 960 2618 seriem
974 2561 1134 2636 gratiarnm

176 2661 342 2733 actualium,
365 2663 472 2738 quibus
498 2661 655 2738 adjuvetur
671 2661 770 2737 justus
796 2661 832 2717 ad
856 2679 942 2735 opera
965 2659 1043 2718 bona
1062 2679 1135 2736 pree-

175 2761 278 2820 standa
291 2766 321 2820 et
334 2761 447 2837 lapsum
462 2781 579 2836 gravem
588 2761 740 2818 vitandum
754 2781 760 2818 :
784 2761 854 2818 dum
868 2759 898 2817 in
913 2779 976 2818 een.
990 2763 1026 2816 16
1042 2767 1134 2818 sermo

174 2863 219 2918 est
232 2859 267 2918 de
287 2859 577 2936 perseverantiaque
595 2860 720 2919 habetur
737 2878 788 2936 per
801 2859 921 2917 modum
935 2859 1008 2918 doni.
1051 2861 1130 2920 Jam-

174 2977 251 3026 rero,
274 2978 312 3017 ex
331 2959 422 3018 altera
441 2963 532 3035 perte,
555 2959 650 3034 gretia
670 2958 817 3018 auxilians
837 2959 867 3018 id
887 2958 985 3035 ipsum
1002 2963 1057 3031 est,
1074 2978 1130 3035 qno

170 3057 270 3134 justus
283 3057 370 3116 hebet
385 3057 433 3116 vel
446 3058 552 3116 habere
563 3063 659 3134 potest
671 3058 916 3136 perseverantiam
931 3057 1073 3130 netirem5
1095 3079 1130 3118 ex

173 3157 264 3215 altere
274 3160 365 3233 parte,
378 3156 592 3232 perseverentia
602 3159 717 3235 passive
727 3157 821 3234 gretie
832 3157 949 3234 quidem
961 3160 1005 3215 est
1015 3176 1129 3233 magne,

172 3255 239 3326 imo,
268 3254 300 3312 in
318 3254 431 3313 ratione
458 3255 601 3328 beneficii,
630 3255 760 3315 omnium
786 3256 945 3332 gratiarum
969 3274 1036 3332 quse
1061 3257 1129 3316 hnic

173 3354 263 3414 electo
283 3373 411 3430 unquam
433 3353 590 3431 impertitae
615 3359 683 3415 sunt
704 3357 832 3414 maxima
856 3361 885 3414 et
902 3355 1125 3432 pretiosissimn;

172 3455 220 3512 sed
235 3457 332 3513 tamen
345 3458 458 3514 nonest
475 3455 630 3528 auxilium,
647 3475 701 3516 nec
715 3457 801 3514 datur
815 3475 867 3532 per
880 3456 998 3514 modum
1011 3455 1124 3526 auxilii,

172 3553 222 3612 sed
234 3558 280 3615 est
293 3553 412 3614 effectus
423 3555 610 3632 providentie
621 3555 754 3632 specialis
763 3555 819 3613 Dei
830 3575 897 3615 eum
907 3555 961 3614 hoe
973 3561 1124 3627 momento,

171 3653 242 3710 dnm
255 3657 299 3713 est
312 3653 343 3713 in
357 3657 438 3714 statu
450 3655 561 3731 gretie,
578 3675 593 3714 e
607 3657 668 3714 vita
681 3654 842 3732 eripientis.
