2408 4304
564 428 580 486 7

84 587 211 645 vissima
231 585 400 646 admiserint
419 583 540 660 flagitia,
556 584 604 641 vel
624 584 675 660 qui
696 585 837 662 plurimos
856 587 943 645 etiam
958 607 1049 646 annos

87 685 242 745 abfuerint
256 705 273 743 a
286 683 470 744 confessione.
493 726 500 740 .
524 729 530 741 .
554 728 560 741 .
583 683 631 740 vel
644 684 695 758 qui
710 686 796 744 rudes
810 685 984 756 conditione,
997 692 1049 744 aut

85 787 170 845 tardi
188 785 306 861 ingenio
326 804 385 843 non
405 784 477 844 satis
497 783 530 841 in
550 784 657 858 seipsos
671 786 868 861 inquisierint,
892 787 971 845 calla
983 787 1049 862 faro
1075 761 1080 778 Ι

88 889 303 947 industriosam
316 886 350 944 c‘d
362 885 420 942 atae
434 885 584 942 sacordotia
598 884 688 959 aprica
702 905 785 959 opera
798 887 958 956 carceratum,
973 887 1049 944 SED

89 987 158 1064 qui,
183 986 313 1044 adhibita
340 985 376 1042 ab
400 1002 433 1041 eo
457 984 624 1052 necessaria,
649 1002 704 1040 aaa
729 1003 786 1060 qua
808 990 914 1060 prater
940 987 1051 1044 modam

86 1089 255 1162 proveatur,
269 1083 301 1140 in
312 1082 348 1140 iis
357 1082 570 1155 interrogandis
580 1081 743 1156 diligentia,
761 1084 888 1159 omnique
901 1084 932 1140 iu
947 1084 1050 1142 iisdem

91 1185 133 1242 ad
148 1183 367 1241 detestationem
381 1187 562 1256 peccatorum
585 1181 756 1252 excitandis,
778 1201 837 1239 non
850 1181 912 1240 sine
928 1183 1000 1239 fusis
1014 1202 1051 1240 ex

92 1282 201 1340 intimo
215 1281 298 1338 corde
312 1280 348 1337 ad
362 1281 457 1336 Deum
479 1277 621 1354 precibus,
644 1279 774 1337 extrusa
788 1280 938 1337 claritatis
952 1280 1049 1337 indua-

95 1382 167 1451 tria,
184 1400 269 1439 sensu
283 1384 380 1438 tamen
393 1379 497 1436 doloris
512 1397 544 1436 ao
559 1379 748 1453 poenitentiae,
761 1399 818 1456 quo
833 1380 935 1437 saltem
950 1381 986 1437 ad
996 1380 1052 1438 Dei

96 1480 224 1556 gratiam
244 1479 276 1536 in
300 1482 477 1536 sacramento
497 1477 709 1552 impetrandam
734 1479 934 1554 disponantur,
957 1499 1061 1558 carere

96 1579 258 1655 prudenter
276 1578 453 1654 judicentur.
499 1577 671 1652 Quocumque
692 1583 790 1634 autem
811 1578 906 1634 animo
928 1578 988 1636 sint
1001 1559 1053 1654 qni

98 1679 237 1737 accedant
250 1678 287 1734 ad
301 1676 465 1734 ministrum
480 1676 661 1750 poenitentiae
677 1675 752 1732 citit
764 1677 791 1732 ai
804 1677 892 1751 raupta
906 1678 1054 1734 cavendum

15 1827 20 1858 ,Ι
98 1783 149 1848 eat,
173 1796 259 1852 quam
273 1795 310 1833 nc
324 1795 375 1832 sua
390 1776 478 1849 culpa
499 1775 609 1831 diffisus
623 1774 766 1849 quispiam
782 1776 836 1832 Dei
851 1775 982 1844 bonitati,
1003 1782 1054 1833 aut

15 1927 18 1932 .
99 1881 277 1934 sacramento
297 1874 539 1932 reconciliationis
560 1873 691 1930 infensus
715 1874 854 1933 discedat.
897 1875 1001 1946 Quare,
1029 1875 1054 1932 si

15 1957 16 1962 ἵ
98 1977 183 2052 justa
203 1975 241 2032 sit
262 1993 347 2032 causa
367 1993 420 2030 cur
441 1973 598 2029 differenda
619 1973 657 2029 sit
672 1973 823 2043 absolutio,
840 1975 943 2044 verbis,
960 1974 1056 2048 quoad

100 2075 216 2150 poterit,
238 2073 453 2131 humanissimis
474 2073 643 2147 persuadeat
663 2071 800 2129 confessis
820 2091 934 2130 necesse
951 2079 1003 2142 cst,
1024 2073 1055 2128 id

15 2153 20 2158 ¹
102 2178 134 2232 et
157 2192 264 2230 munus
291 2172 475 2246 officiumque
503 2190 587 2227 suum
615 2176 644 2228 et
668 2190 760 2227 aarum
787 2171 911 2244 aprorum
938 2170 1055 2228 salertam

103 2275 211 2330 omnino
220 2271 374 2346 postulare,
395 2289 502 2345 eosque
515 2269 551 2326 ad
565 2269 745 2326 redeundum
761 2288 960 2330 ausucnruuu
974 2271 1056 2328 blan-

104 2370 221 2428 dissima
245 2370 363 2440 alliciat,
386 2373 420 2426 ut
443 2369 479 2426 iis
506 2369 627 2426 fideliter
642 2368 786 2443 ,paractis
813 2388 879 2444 quae
903 2370 1058 2427 salubriter

107 2471 275 2546 praescripta
308 2469 427 2539 fuerint,
463 2468 589 2526 vinculis
623 2467 712 2524 soluti
746 2476 929 2542 peccatorum
956 2468 1057 2542 gratim

17 2561 18 2564 ¹
107 2571 231 2628 coelastis
252 2569 405 2628 dulcedine
434 2567 631 2626 reficiantur.’'
685 2567 809 2624 Bullarii
837 2568 961 2625 Romani
982 2567 1056 2627 (lon-

17 2729 18 2732 ,
107 2669 239 2738 tinuatio,
253 2671 362 2738 Romae,
380 2673 464 2734 1853,
477 2677 546 2725 tom.
563 2673 606 2734 16,
617 2687 681 2741 pag.
692 2669 800 2724 soa-9.
830 2667 926 2724 Nimis
937 2668 1055 2742 longum

108 2777 181 2830 esset
208 2773 350 2848 analysim
374 2773 462 2848 hujus
483 2771 541 2828 loci
562 2771 719 2829 conficere:
750 2773 833 2848 cujus
858 2772 917 2830 fera
942 2761 1073 2847 singulm¹

18 2927 20 2934 ,
109 2873 195 2930 verba
209 2873 334 2930 studioso
347 2871 494 2946 pensanda
508 2875 586 2927 sunt.

598 2993 814 3068 caruimus
836 3009 1021 3069 nuannr.

20 3225 21 3228 ,
119 3179 175 3229 coll.
190 3177 218 3228 S.
232 3176 342 3226 Panna·
352 3191 393 3240 ap.
406 3173 550 3236 Mcyrmotlz,

162 3243 248 3294 aar?
261 3241 398 3299 Novana,
414 3239 484 3292 1872.
