2410 4314
84 433 171 478 mss.
188 411 241 496 11.]
290 410 343 476 De
360 409 695 476 Stctc'busHumame
708 409 861 476 Natura.
998 431 1036 492 31

84 578 215 650 ditionis,
232 581 261 636 et
272 575 393 652 proinde
412 576 552 636 naturalis
571 577 692 636 dicenda
711 579 763 649 est,
780 581 810 636 et
829 595 886 635 non
901 595 1039 654 superna·

85 676 231 738 turalis:”
254 681 300 736 21.
836 736 839 744 ,

129 784 149 812 “
160 775 319 853 Integritas
333 775 433 854 primas
447 775 599 836 creationis
619 795 678 835 non
691 775 750 835 fuit
761 774 892 836 indebita
905 776 1040 840 humanae

85 883 201 936 naturae
215 877 362 949 exaltatio,
380 875 431 935 sed
450 876 592 936 naturalis
606 875 669 954 ejus
683 874 809 935 conditio
822 877 852 935 :”
874 878 922 933 26.

130 983 149 1012 “
161 979 240 1038 Deus
261 995 319 1037 non
336 976 477 1054 potuisset
497 978 533 1036 ab
553 975 638 1036 initio
659 976 748 1036 talem
769 995 863 1037 creare
882 975 1038 1050 hominem,

85 1079 184 1157 qualis
198 1097 275 1137 nunc
289 1077 417 1138 nascitur
427 1079 456 1138 :¹⁵
479 1082 528 1138 55.

129 1188 148 1214 “
160 1179 368 1239 Immortalitas
380 1178 468 1255 primi
476 1177 602 1238 hominis
612 1197 670 1238 non
679 1180 741 1238 erat
749 1177 850 1255 gratiae
862 1177 1042 1252 beneficium,

86 1281 140 1340 scd
152 1280 293 1339 naturalis
306 1279 433 1340 conditio
445 1278 474 1339 :”
499 1281 546 1341 78.

130 1384 151 1413 “
160 1378 245 1438 Falsa
258 1382 302 1438 est
315 1379 465 1438 doctorum
479 1377 631 1452 sententia,
647 1378 775 1455 primum
796 1377 944 1438 hominem
960 1381 1044 1454 potu·

99 1496 146 1537 sse
160 1497 177 1536 a
190 1478 251 1536 Deo
265 1477 355 1537 creari
368 1481 398 1537 et
411 1476 527 1536 institui
540 1449 603 1536 sin⁰o
613 1477 732 1554 justitia
744 1477 872 1537 naturali
884 1476 914 1537 :”
938 1479 984 1543 79.

129 1577 188 1638 His
223 1579 407 1657 adjungenda
427 1583 472 1638 est
498 1578 655 1656 propositio
683 1578 844 1649 Quesnallii
859 1584 930 1638 :-“
945 1576 1046 1638 Gratia

89 1678 200 1739 Ademi
220 1684 264 1739 est
283 1680 400 1757 sequela
420 1679 581 1752 creationis,
597 1682 628 1739 et
647 1683 709 1738 erat
723 1677 821 1738 debita
840 1681 951 1738 naturas
970 1697 1046 1738 sena

88 1784 121 1840 et
140 1779 300 1855 integrae:”
323 1785 370 1840 35.

130 1885 178 1939 42.
201 1881 277 1955 Ergo
294 1880 334 1952 10,
350 1880 444 1957 gratia
457 1879 647 1947 sanctificans,
663 1898 722 1956 qua
735 1879 772 1938 ad
785 1881 896 1939 tantam
910 1878 1045 1938 sublima·

89 1981 200 2042 tionem
214 1987 332 2041 evectus
345 1985 389 2041 est
406 1982 490 2040 homo
511 1986 546 2040 ut
559 1980 641 2040 fieret
661 1999 776 2040 consors
796 1980 903 2039 divium
923 1986 1045 2062 naturae,

89 2082 119 2142 ei
139 2081 269 2142 indebita
283 2080 358 2142 tuit:
374 2082 482 2159 absque
497 2080 701 2141 sublimatione
716 2081 859 2158 ejusmodi
872 2100 989 2158 prorsus
1002 2079 1043 2139 iu-

89 2192 173 2260 tegra
197 2184 255 2243 fuit
278 2173 341 2262 ejus
365 2189 482 2243 natura:
511 2184 653 2242 naturalis
680 2182 801 2259 proinde
823 2181 965 2241 nonfuit
990 2181 1047 2241 ista

89 2285 186 2362 gratia
199 2277 248 2344 s'ed
262 2284 491 2362 supernaturalis
515 2285 561 2361 (B.
576 2289 623 2355 21,
642 2285 688 2355 79,
706 2283 741 2349 Q.
760 2284 821 2361 35).
847 2283 887 2341 2⁰.
904 2285 988 2342 Dona
1000 2282 1044 2341 in-

90 2385 237 2461 tegritatis
254 2385 350 2445 omnia
369 2385 477 2463 pariter
494 2386 641 2443 naturalia
659 2404 718 2444 non
738 2385 829 2453 fuere,
845 2384 896 2444 sed
917 2384 1048 2444 indebita

92 2487 171 2564 (26).
200 2486 243 2546 30.
258 2487 323 2545 Imo
340 2488 429 2545 creari
445 2486 545 2562 potuit
565 2486 650 2543 homo
669 2490 702 2543 ut
720 2483 752 2543 in
770 2484 870 2543 eodem
887 2487 967 2544 statu
982 2502 1046 2560 per·

90 2585 222 2646 mananti
235 2589 310 2646 osset
329 2585 496 2663 (manifesto
510 2583 587 2644 enim
608 2585 640 2642 in
658 2583 852 2660 propositione
869 2582 1049 2658 significatur

92 2689 188 2746 status
201 2685 394 2763 permanens),
411 2685 442 2745 in
457 2705 514 2763 quo
528 2703 580 2743 nos
594 2683 758 2742 nascimur:
775 2682 825 2742 sed
838 2687 933 2742 status
946 2681 978 2741 in
991 2701 1049 2758 quo

93 2786 241 2846 nascimur
253 2787 331 2846 idem
345 2791 389 2845 est
402 2805 434 2844 aa
451 2788 545 2846 status
565 2788 676 2844 naturae
691 2802 780 2860 purae,
798 2784 915 2860 dempto
932 2786 1048 2859 peccato

93 2887 246 2964 originali:
263 2906 289 2946 n.
302 2891 319 2944 6
330 2887 407 2965 (55).
422 2887 466 2945 40.
481 2885 689 2946 Immortalitas
698 2884 785 2961 primi
793 2882 931 2954 hominis,
944 2890 973 2942 at
982 2901 1048 2959 ergo

92 2987 263 3048 immunitas
283 3008 300 3046 a
319 2987 418 3047 morbo
432 2991 462 3048 et
479 2986 625 3060 aemmnis,
648 2986 755 3064 quibus
775 2985 879 3044 ultimo
901 2983 1049 3043 inducitur

94 3108 180 3161 mors,
204 3087 376 3147 beneficium
401 3087 500 3164 gratiae
524 3087 591 3159 fuit,
617 3091 646 3146 et
670 3105 731 3149 uon
756 3085 883 3144 conditio
905 3083 1048 3143 naturalis

96 3190 176 3268 (78).

138 3296 187 3350 43.
208 3290 285 3350 Nota
313 3290 351 3362 10,
378 3289 587 3366 propositiones
609 3289 757 3347 damnatas
781 3307 842 3347 esse
869 3285 1046 3363 simpliciter,

96 3392 181 3452 nulla
194 3390 316 3450 istarum
334 3389 563 3463 distinctionum,
580 3409 651 3466 quas
670 3391 819 3448 linxerunt
832 3389 924 3448 aean
941 3392 971 3446 at
988 3387 1060 3464 clii„

97 3491 286 3567 interposita:
308 3490 351 3560 20,
367 3509 415 3548 cus
429 3489 559 3547 damnari
571 3488 603 3546 in
623 3508 709 3547 sensu
723 3486 865 3559 auctoris3
885 3486 934 3544 sed
948 3504 1000 3544 nec
1015 3484 1048 3544 Β.
1108 3528 1112 3536 ·

96 3612 152 3652 nec
172 3593 205 3660 Q.
221 3593 377 3650 tenuerunt
395 3589 470 3646 dona
488 3589 665 3664 integritatis
683 3591 734 3646 aut
753 3585 914 3646 sanctitatis
934 3604 994 3644 esse
1015 3585 1050 3644 da

96 3693 223 3754 essentia
236 3690 378 3750 hominis:
405 3710 433 3749 n.
449 3693 497 3748 34.
617 3685 621 3691 ’
