2424 4300
82 401 83 406 κ
114 383 199 428 orer.
216 360 264 450 v.]
300 365 368 429 'De
385 363 507 430 Gratata
520 364 612 430 Med.
629 362 957 451 effide—positive.
1007 384 1065 452 135

110 528 183 590 tatis
196 528 352 607 propriam,
369 530 419 590 sed
433 529 634 592 difficultatem
655 535 746 590 ortam
762 550 799 590 ex
812 550 845 590 eo
859 531 938 608 quod
952 533 1022 590 sunt
1035 530 1067 590 in

107 630 192 703 serie,
210 630 398 690 exdiuturna
413 631 588 703 resistentia,
612 652 650 691 ex
674 633 849 709 subrepente
868 630 1065 692 inconstantia

106 730 223 804 mentis,
249 734 300 793 &a
325 741 361 791 ut
383 751 479 810 supra.
520 733 599 810 Ergo
621 732 821 807 tentationem,
837 733 885 793 cui
902 737 970 794 actu
983 733 1062 807 cedo,

107 831 192 890 adest
213 830 288 890 mihi
310 851 380 892 vera
401 836 431 894 et
453 831 579 910 simplex
605 832 778 910 impotentia
798 832 944 896 vincendi.
984 833 1063 912 Ergo

107 931 242 991 cedendo
255 951 311 992 non
325 951 412 1009 pecco
425 932 594 994 formaliter.

149 1035 197 1090 38.
218 1031 304 1108 Raep.
319 1031 448 1094 Concedo
463 1033 652 1094 antecedens:
669 1032 746 1094 Dist.
762 1052 954 1111 consequens:
974 1033 1065 1094 Adest

104 1129 282 1207 impotentia
295 1131 428 1192 moralis:
450 1133 499 1192 Ita
519 1137 571 1193 aut
590 1153 658 1207 non,
674 1153 712 1193 ex
726 1132 952 1194 circumstantiis
966 1132 1064 1210 singu-

105 1237 206 1296 lorum
230 1255 369 1296 casuum:
399 1237 580 1315 Impotentia
600 1238 738 1315 physica:
771 1239 865 1315 Nego.
915 1237 972 1298 Vel
995 1237 1066 1296 cedo

104 1335 264 1397 tentationi
285 1356 351 1397 eum
375 1337 462 1413 plena
486 1343 516 1398 et
538 1339 667 1417 perfecta
691 1338 905 1410 deliberatione,
929 1337 977 1396 vel
1000 1356 1066 1396 cum
1117 1411 1121 1420 ι

104 1435 315 1497 deliberatione
335 1437 512 1514 imperfecta,
535 1439 584 1498 vel
604 1438 667 1498 sine
687 1439 759 1498 ulla.
801 1438 833 1498 si
851 1444 896 1511 1¹¹¹,
910 1436 1066 1496 manifesto

103 1535 188 1596 adest
209 1535 340 1614 potentia
361 1537 483 1614 physica
504 1537 649 1597 vincendi.
702 1537 860 1614 Quousque
880 1556 947 1596 vero
968 1536 1067 1596 adesse

104 1640 201 1713 potest
213 1638 343 1714 potentia
355 1636 479 1710 moralis,
492 1637 623 1697 decidere
636 1656 695 1696 non
705 1655 820 1714 possum
833 1657 840 1695 ι
857 1655 957 1696 censeo
970 1639 1066 1694 tamen

104 1734 170 1794 sine
184 1735 348 1796 temeritate
361 1735 420 1796 dici
433 1755 515 1813 posse
525 1737 643 1814 justum
663 1755 775 1813 semper
787 1735 893 1794 habere
906 1734 1067 1812 potentiam
1171 1749 1177 1766 ·

103 1834 282 1912 (proximam
296 1835 344 1895 vel
357 1839 510 1914 remotam)
524 1836 661 1907 moralem
674 1835 787 1896 vitandi
801 1833 926 1895 venialia
939 1835 1066 1912 perfecte

104 1934 274 1995 deliberata.
317 1934 484 2012 Saepissime
503 1936 539 1996 fit
558 1941 593 1996 ut
611 1955 671 1996 non
684 1936 778 1996 solum
792 1935 963 2013 simpliciter
975 1935 1022 1994 hic
1036 1939 1068 1993 et

104 2054 186 2096 nunc
196 2034 281 2113 justi,
293 2023 343 2094 sed
357 2034 446 2096 etiam
459 2035 511 2114 qui
526 2036 642 2113 alonge
656 2040 785 2114 tempore
799 2034 861 2096 eine
874 2035 936 2095 ullo
949 2036 1066 2113 peceato

105 2134 223 2196 mortali
246 2136 394 2208 vixerunt,
421 2139 540 2214 peecata
573 2118 700 2196 venialia
721 2137 806 2215 plene
829 2135 988 2196 deliberata
1011 2134 1065 2194 ali·

105 2233 224 2312 quando
237 2233 413 2308 admittaut3
434 2240 464 2295 et
484 2238 555 2295 tunc
568 2235 651 2296 adest
663 2235 793 2313 potentia
813 2234 929 2294 moralis
942 2233 1065 2294 vitandi.

105 2335 140 2395 Si
152 2355 221 2396 vero
234 2355 272 2396 ex
286 2336 382 2397 subito
396 2340 449 2396 aut
462 2336 545 2412 gravi
559 2336 702 2416 passionis
723 2337 836 2414 impetu
850 2340 978 2414 peccent,
994 2340 1066 2394 tane

103 2435 174 2512 plus
187 2434 284 2496 minus
305 2435 471 2498 infirmatur
485 2437 616 2514 potentia
629 2437 690 2510 illa,
703 2437 752 2496 vel
765 2435 853 2496 etiam
867 2436 991 2496 tollitur.
1033 2434 1066 2494 Si

103 2539 153 2608 2¹¹¹,
168 2536 241 2595 bene
251 2536 315 2594 fieri
328 2539 432 2613 potest,
449 2541 479 2595 et
493 2538 590 2596 forsan
610 2535 784 2613 regulariter
804 2535 848 2608 fit,
864 2539 971 2594 utnon
991 2533 1066 2593 adsit

101 2635 161 2694 nisi
184 2636 314 2713 potentia
334 2635 445 2696 vitandi
459 2636 591 2713 physica,
607 2636 655 2695 rel
676 2635 794 2695 moralis
815 2637 931 2696 tantum
944 2637 1062 2694 remota.

103 2737 137 2798 si
152 2742 200 2808 3¹³,
214 2738 331 2796 nullum
345 2747 391 2797 cst
403 2743 562 2815 peccatum.

151 2841 197 2895 39.
230 2837 327 2916 Objcct.
346 2843 372 2898 8.
393 2838 412 2898 J
414 2842 504 2912 ustus,
527 2837 668 2897 vincendo
695 2827 930 2908 tentationem,
956 2853 1064 2894 novum

103 2937 251 2997 auxilium
264 2919 377 3016 recipit,
394 2959 451 3016 quo
465 2937 611 2999 robustior
622 2941 652 2998 et
665 2937 767 2998 fortior
786 2937 885 2998 evadit
898 2937 934 2996 ad
948 2935 1064 2995 vincen-

103 3037 172 3096 dam
195 3037 384 3098 tentationem
412 3039 440 3110 b,
467 3058 526 3115 qua
550 3041 684 3116 superata
697 3038 778 3098 aliud
797 3056 905 3096 novum
919 3035 1065 3096 auxilium

102 3136 202 3210 habet,
219 3142 249 3198 et
263 3137 306 3200 ita
325 3158 428 3216 porr03
451 3139 520 3198 adeo
540 3143 576 3198 ut
596 3158 653 3215 quo
674 3137 788 3198 diutius
807 3137 952 3215 ingruunt
969 3139 1064 3196 tenta·

102 3236 206 3308 tiones,
222 3257 255 3297 eo
268 3238 377 3316 majora
390 3237 568 3297 incrementa
578 3237 697 3310 roboris,
711 3236 736 3296 si
747 3235 828 3309 velit,
840 3237 945 3296 habere
959 3241 1063 3312 potest.

100 3337 143 3397 Et
156 3336 205 3409 sie,
221 3336 247 3396 si
259 3337 341 3412 velit,
356 3340 447 3398 totam
460 3337 563 3397 seriem
576 3337 773 3398 tentationum
786 3337 901 3396 vincere
915 3339 1020 3413 potest.

144 3442 193 3496 40.
207 3438 290 3513 Resp.
304 3436 461 3514 Distinguo
471 3437 595 3515 primam
603 3436 842 3516 propositionem:
857 3437 886 3495 N
887 3455 941 3496 ova
949 3435 1061 3506 merita,

101 3540 133 3598 et
146 3555 214 3614 ergo
227 3556 302 3597 nova
314 3537 493 3598 incrementa
506 3538 606 3613 gratiae
620 3535 786 3607 habitualis,
802 3539 965 3613 comparat:
989 3535 1063 3596 Gon·

102 3637 191 3698 cedor
213 3638 300 3700 Nova
319 3636 431 3699 auxilia
450 3639 553 3714 gratiae
574 3637 715 3698 actualisa
737 3635 963 3714 Subdietinguo:
987 3635 1063 3696 Siea
