2410 4318
31 373 161 422 mss.
178 345 255 441 vra]
316 349 373 420 De
386 348 634 420 Dz'slrz'butr'one
652 351 786 422 Gratiis.
965 375 1025 439 ²2³

39 521 161 599 quasi
179 521 242 580 haeo
264 539 324 580 non
344 539 427 600 oeque
442 520 536 597 possit
554 520 661 581 hebere
683 540 768 582 suum
788 521 934 595 effectum,
949 507 988 596 et,
1005 523 1030 582 si

42 625 195 683 tantum
217 621 303 681 horno
329 620 426 692 vellet,
448 640 508 679 non
528 638 611 698 aeque
630 621 750 682 haberet
771 622 916 695 effectum,
938 625 968 682 ct
988 623 1030 684 sio

42 726 152 783 esset
166 722 286 782 efficax:
307 721 400 798 Nego.
452 723 559 782 Omnes
582 722 726 800 ejusmodi
756 723 933 800 objectiones
960 726 1029 786 tots

46 822 173 882 verbis
185 821 301 895 ludunt,
317 825 347 881 et
359 822 429 880 sunt
438 840 525 880 merae
534 824 689 881 verborum
702 823 852 898 angustie.
894 823 937 884 Ut
950 825 1029 883 enim

46 921 185 1000 saepius
197 921 310 980 dictum
333 923 386 994 est,
409 923 472 980 tota
490 920 564 979 ratio
585 919 767 993 discriminis,
782 922 860 1001 quod
874 921 979 982 attinet
992 923 1030 984 ad

50 1028 249 1104 praesentem
263 1023 495 1102 disputationem,
511 1025 588 1084 inter
608 1025 732 1102 gratiam
746 1026 890 1086 efficacem
903 1031 933 1086 et
951 1027 1030 1088 suffi-

50 1127 202 1186 cientem
213 1125 246 1184 in
259 1144 292 1185 eo
306 1125 366 1184 solo
378 1124 500 1202 ponitur
512 1125 598 1202 quod,
609 1145 676 1184 cum
685 1128 811 1202 utraque
825 1125 863 1185 sit
876 1145 949 1204 caque
962 1145 1030 1186 vere

55 1225 231 1300 sufficiens,
246 1223 325 1302 prior
338 1223 458 1284 sortitur
470 1225 614 1294 effectum,
631 1225 723 1284 altera
736 1243 805 1282 vero
819 1243 887 1297 non,
904 1228 934 1284 et
947 1225 978 1284 id
991 1245 1029 1286 cx

56 1325 133 1384 solo
157 1323 277 1384 arbitrio
299 1322 424 1382 hominis
446 1343 510 1382 eam
534 1323 624 1382 libere
639 1323 809 1400 rejicientis.
851 1325 948 1385 Unam
962 1345 1030 1402 ergo

58 1428 194 1484 tantum
207 1423 293 1482 aliam
307 1443 344 1481 ex
358 1423 404 1481 his
416 1423 549 1482 minutiis
562 1423 715 1500 proferam.

108 1527 165 1587 97.
191 1523 289 1600 Oljcct.
305 1527 351 1582 12.
375 1521 477 1581 Gratis
495 1542 573 1582 mero
593 1522 736 1582 sufficiens
756 1523 913 1600 opponitur
927 1525 1029 1600 gratis

60 1624 192 1685 efficaci.
241 1623 319 1700 Ergo
339 1640 398 1682 non
420 1624 516 1702 potest
544 1623 701 1700 producere
723 1622 869 1696 effectum,
895 1643 948 1684 scu
969 1643 1030 1687 osse

65 1725 191 1785 efficax.

110 1829 164 1884 98.
184 1825 268 1900 Rocp.
287 1821 445 1896 Distinguo
458 1821 648 1882 antecedens:
665 1821 874 1900 Opponiturut
890 1842 949 1882 non
957 1844 1030 1900 pro-

66 1925 178 1983 ducem
197 1923 353 1984 effectum:
384 1921 533 1999 Concedo:
563 1919 606 1984 Ut
628 1940 688 1983 non
715 1927 816 2002 potone
851 1924 1028 2002 producere:

70 2021 173 2098 Nego.

160 2257 263 2320 PARS
283 2257 817 2323 snounnn.-ncn1srmrr10re
838 2279 952 2327 enarre

452 2357 659 2402 smrromrrrs.

117 2523 169 2579 99.
191 2517 261 2578 Tres
284 2527 353 2577 sunt
376 2518 552 2596 questiones
565 2518 651 2578 valde
665 2519 839 2594 consimiles,
857 2539 908 2580 seu
921 2522 1030 2600 potius,

80 2619 178 2698 quoad
203 2638 274 2691 rom,
298 2619 376 2677 idem
397 2617 510 2678 diverso
533 2619 616 2677 modo
641 2618 854 2694 significantes:
880 2623 929 2679 An
952 2621 1032 2684 Deus

78 2723 200 2780 verset
223 2720 332 2781 sincere
353 2719 426 2779 velit
447 2720 573 2779 salutem
600 2720 732 2790 omnium
755 2721 929 2781 hominum?
980 2726 1029 2782 An

81 2819 214 2880 Christus
227 2839 266 2880 ex
278 2821 377 2880 cadom
398 2838 466 2879 vera
479 2823 509 2880 et
523 2818 635 2880 sincera
656 2821 807 2880 voluntate
832 2821 1032 2898 applicationis

81 2918 250 2979 meritorum
272 2939 391 2978 suorum
411 2939 463 2996 pro
481 2919 615 2978 omnibus
638 2923 770 2978 mortuus
790 2918 851 2979 sit?
890 2923 938 2980 An
951 2919 1032 2981 Deus

84 3019 215 3078 omnibus
236 3018 404 3078 hominibus
436 3018 594 3095 elargiatur
629 3019 753 3095 gratiam
776 3020 965 3080 sufficientem
997 3022 1033 3080 ad

85 3116 228 3178 salutem?
276 3119 357 3176 Duas
378 3117 486 3194 primas
516 3116 691 3194 questiones
714 3119 870 3178 excutiunt
893 3119 1030 3196 theologi,

86 3216 201 3291 quidam
213 3216 246 3276 in
258 3219 385 3277 tractatu
398 3217 433 3274 de
447 3215 659 3288 Incsmetione,
680 3217 811 3294 plerique
830 3237 898 3278 vero
912 3219 945 3276 in
957 3221 1033 3278 trao-

87 3318 149 3375 tatn
162 3317 196 3375 de
209 3319 280 3377 Deo.
321 3315 422 3375 Posita
444 3316 628 3392 responsione
649 3317 821 3376 affirmativa
835 3317 871 3375 ad
886 3318 939 3375 hos
962 3317 1034 3375 duos

90 3416 266 3492 questiones,
290 3417 422 3496 sequitur
443 3417 602 3477 necessario
625 3419 772 3496 responsio
805 3417 976 3477 affirmativa
997 3418 1034 3477 od

91 3517 210 3578 tertiam.
251 3517 284 3578 Si
296 3517 375 3577 enim
387 3518 467 3578 Deus
486 3537 555 3577 rere
578 3518 707 3577 omnium
726 3519 850 3578 salutem
871 3517 945 3590 vult,
966 3537 1033 3593 ergo

93 3614 140 3688 (tat
161 3616 293 3691 omnibus
314 3617 442 3688 medium
464 3617 526 3680 sine
549 3637 606 3710 quo
628 3619 705 3682 salus
727 3618 828 3692 haberi
850 3638 905 3680 non
929 3618 1034 3708 potest.
