2402 4292
79 464 173 512 nrsr.
190 444 253 531 ιιι]
323 445 379 512 De
392 445 531 512 Natura
545 449 579 512 et
599 446 640 514 Vs
660 445 754 514 Grut.
771 446 886 514 Habet.
977 470 1037 538 301

80 631 249 690 personam,
266 631 331 690 quae
345 612 573 674 substantialiter
591 614 624 673 in
645 614 716 692 ipsis
736 617 852 676 maneat
871 613 1042 693 habitetque

86 756 96 772 .
123 756 131 772 .
153 755 162 772 .
184 758 191 773 .
211 713 292 772 Adeo
315 732 382 772 vero
406 713 503 772 differt
523 715 662 774 Petavius
677 734 694 773 a
708 715 851 774 sententia
863 715 944 774 Petri
958 715 1042 774 Lom-

81 812 182 884 bardi,
199 815 233 871 ut
246 832 309 871 eam
328 813 414 889 plane
434 813 579 890 improbet
593 815 685 874 veluti
700 815 794 874 Sacris
808 815 941 892 Eloquiis
955 818 1043 893 atque

84 913 162 972 adeo
174 912 245 989 ipsis
258 913 392 972 Patribus
407 913 590 974 contrariam.
633 915 681 974 Sio
695 915 772 974 enim
793 915 931 974 scribit:''
953 917 1002 976 &a

131 1014 199 1072 ⁴⁶12.
219 1013 304 1088 Berp.
326 1017 354 1073 2.
375 1013 445 1082 Ista
461 1015 587 1073 Parsvrr
611 1015 755 1074 sententia
778 1015 853 1073 mihi
872 1004 941 1073 olim
961 1015 1044 1076 valde

85 1112 210 1190 placuit,
227 1117 257 1171 et
269 1131 347 1172 nuno
361 1113 486 1192 denique
499 1113 628 1190 penitius
639 1115 785 1190 recognita
794 1115 886 1189 magis
894 1115 1043 1193 magisque

86 1212 196 1290 placet,
218 1215 248 1272 et
269 1213 356 1272 etiam
380 1213 454 1272 mihi
475 1218 553 1274 certa
575 1233 636 1274 essa
655 1213 783 1274 ridetur.
826 1214 912 1291 (Quas
932 1233 999 1274 vero
1012 1214 1045 1274 in

87 1312 156 1389 ejus
169 1311 349 1389 expositione
369 1313 460 1390 hujus
481 1313 632 1373 sententiaa
656 1313 837 1373 emendanda
851 1312 989 1385 suntvid,
1006 1333 1042 1390 ap

87 1413 274 1484 Farrannrr,
290 1412 325 1471 de
339 1411 492 1485 Trinitats,
508 1413 581 1474 thes.
598 1412 661 1491 45).
703 1413 817 1472 Textus
837 1411 994 1489 Scriptura
1015 1415 1046 1472 et

87 1511 223 1582 Petrum,
239 1510 346 1588 quibus
359 1511 465 1572 alludit
485 1512 636 1585 Prnnorn,
659 1511 820 1572 aPnrsvro
836 1516 866 1571 et
878 1511 944 1572 aliis
963 1509 1046 1570 allati

89 1610 246 1670 clarissimi
260 1615 288 1670 et
299 1611 335 1670 ad
347 1612 529 1688 probandam
548 1611 708 1670 firmissimi
727 1611 801 1671 mihi
815 1631 875 1672 esse
888 1612 1044 1672 videntur:

87 1710 134 1770 ita
147 1714 183 1771 ut
196 1710 317 1770 miratus
332 1710 387 1770 sim
401 1712 541 1788 quosdam
565 1714 695 1772 auctores
716 1713 791 1771 hauc
805 1711 977 1771 sententiam
987 1729 1046 1770 non

90 1808 187 1869 solum
200 1810 356 1882 noctuam,
373 1812 423 1871 sed
436 1815 470 1870 ut
478 1811 630 1871 manifesto
638 1811 755 1871 futilem
765 1815 794 1871 et
802 1811 904 1870 falsam
913 1810 1045 1888 abjicere.

90 1910 194 1984 Longe
217 1910 303 1969 aliter
329 1913 421 1970 sentit
446 1911 561 1970 Soanta
594 1911 643 1989 (de
667 1911 819 1985 Trinitate,
844 1912 865 1970 l.
895 1915 940 1981 12,
966 1930 992 1971 c.
1016 1915 1044 1983 5,

91 2029 124 2069 n.
138 2009 169 2086 8)
182 2012 255 2069 :-“
265 2009 387 2076 Quando
400 2011 481 2070 Deus
494 2011 626 2070 infundit
639 1991 749 2071 ‘animae
764 2012 838 2070 dona
852 2011 952 2087 gratiae
966 2029 1047 2070 sane·

92 2108 242 2182 tifieantis,
278 2128 336 2168 non
363 2110 457 2169 solum
484 2113 582 2170 creata
596 2111 693 2183 dona,
710 2109 761 2172 sed
786 2111 915 2188 ipsaemet
941 2109 1047 2195 divina

93 2227 225 2284 personae
246 2209 358 2268 homini
382 2210 497 2284 dantur,
523 2214 553 2270 et
571 2197 697 2280 animam
719 2211 783 2288 ejus
796 2211 959 2271 inhabitare
973 2211 1047 2270 inei-

94 2307 192 2384 piunt,
205 2312 234 2366 et
246 2308 311 2367 ideo
324 2309 429 2368 talium
442 2311 583 2368 donorum
596 2309 764 2369 interventu
785 2311 911 2386 Spiritus
926 2311 1049 2370 Sanetus

94 2406 284 2468 invisibiliter
307 2409 447 2470 mittitur.
502 2409 552 2467 Ita
580 2409 684 2467 docent
714 2409 843 2467 doctores
874 2408 1047 2481 scholastici,

94 2507 225 2584 adeoque
248 2511 355 2567 certam
379 2513 516 2586 reputant
539 2509 614 2567 hanc
635 2507 785 2566 veritatem
809 2513 844 2567 ut
863 2509 899 2566 D.
915 2509 1048 2579 Thomas,

100 2611 113 2664 1
129 2625 158 2683 p.
173 2626 201 2684 q.
227 2611 275 2679 43,
300 2611 354 2668 art.
370 2613 398 2679 3,
414 2627 525 2684 argum.
546 2613 569 2681 l,
594 2626 713 2667 errorem
737 2607 931 2684 appellaverit
950 2607 1048 2667 ‹licen-

95 2707 172 2767 tinm
194 2726 253 2766 non
275 2707 338 2766 dari
363 2707 507 2784 Spiritum
533 2708 674 2767 Sanctum
697 2707 748 2766 sed
771 2707 835 2784 ejus
849 2707 924 2765 dona
926 2747 1050 2769 .....

93 2809 205 2886 Estque
214 2811 373 2868 communis
381 2810 526 2869 sententia
537 2809 687 2870 Petrum.’'
716 2808 796 2868 Hinc
805 2808 930 2884 theologi
938 2827 1047 2884 graves,

96 2930 163 2970 cum
177 2912 277 2970 eodem
292 2912 433 2971 Soannzro
454 2911 541 2989 (ibid.
556 2931 585 2970 n.
605 2916 651 2985 12,
669 2911 731 2990 13),
755 2911 857 2970 docent
878 2909 984 2982 Deum,
996 2908 1051 2968 etsi

95 3029 154 3068 non
168 3014 242 3069 esset
262 3031 313 3087 per
332 3011 557 3070 immensitatem
578 3011 689 3090 ubique
710 3029 845 3088 praseae,
871 3009 931 3069 fore
953 3015 1050 3069 tamen

96 3116 269 3188 praesentem
283 3112 313 3169 in
325 3112 420 3169 anima
429 3111 514 3189 justi.

138 3210 206 3269 ³⁶13.
231 3211 296 3268 “In
308 3209 518 3287 justificatione
532 3213 562 3270 et
576 3209 729 3288 adoptione
742 3228 800 3268 non
813 3210 928 3269 tantum
943 3207 1050 3266 donan-

99 3309 282 3387 turbemini
303 3310 428 3370 charitas
449 3314 479 3370 et
502 3310 604 3387 gratia,
627 3311 675 3370 vel
697 3310 759 3386 ipse
781 3307 907 3386 Spiritus
928 3308 1051 3368 Sanctus

100 3410 194 3486 quoad
218 3410 292 3468 dona
316 3429 368 3468 sua
389 3410 542 3481 duntaxat,
559 3414 595 3470 ut
621 3408 757 3468 nonnulli
778 3411 969 3479 censuerunt,
1001 3407 1051 3468 sed

101 3509 188 3567 etiam
212 3509 298 3568 datur
320 3508 465 3585 ipsissima
488 3529 609 3587 persona
629 3509 754 3587 Spiritus
779 3505 888 3579 Sancti,
905 3525 938 3567 ac
952 3525 1049 3566 conse·

102 3613 225 3687 quenter
239 3610 326 3670 datur
339 3610 403 3688 ipsa
416 3611 517 3670 Deitas
531 3616 650 3688 totaque
665 3611 694 3671 S.
710 3609 840 3670 Trinitas
856 3632 865 3680 3
885 3607 928 3668 ita
940 3611 976 3669 ut
988 3608 1052 3686 ipsa

101 3730 159 3785 pon
174 3713 288 3780 tautum
302 3711 442 3804 objectiva
453 3713 502 3784 sed
516 3715 545 3772 et
555 3712 670 3783 realiter
679 3714 709 3772 et
718 3709 905 3802 personaliter
915 3707 945 3776 in
957 3707 1052 3776 anima
