2424 4300
147 384 209 460 136
520 379 577 442 De
593 377 724 443 Gratia.
955 371 1055 461 [1111.
1072 396 1104 441 V.

144 545 242 604 debito
254 544 339 602 modo
362 563 421 602 non
439 545 530 620 petat,
544 548 576 603 11
587 544 700 604 intuitu
714 545 843 604 vietoriae
853 543 917 621 jam
929 545 1104 620 reportatae:

144 648 228 723 Nego
241 647 283 723 (1.
301 647 348 717 12,
362 665 392 703 n.
409 649 476 718 151,
492 647 558 724 11.)
570 669 578 706 :
599 646 720 707 tentatis
729 647 807 706 enim
820 665 878 704 non
891 644 1109 722 promittuntur

145 747 258 806 auxilia
269 767 332 818 111,
347 746 521 822 regulariter
542 747 655 818 saltem,
677 747 793 817 dantur,
813 746 872 805 nisi
895 747 1060 823 capetano,
1077 747 1108 804 11

145 867 238 925 usque
251 847 289 906 ad
301 846 493 907 tentationem
505 847 680 907 exstinetam
698 849 915 924 perseveranter
927 848 1050 924 petant:
1073 845 1107 904 Si

146 968 181 1007 ea
202 948 300 1008 debito
322 948 406 1006 modo
426 951 527 1024 petat:
556 949 670 1007 Iterum
692 947 914 1022 subdistingue:
946 947 1107 1005 Dabuntur

144 1048 257 1107 auxilia
277 1068 354 1107 nova
371 1050 408 1108 ad
428 1049 580 1107 vitandum
598 1052 750 1124 peccatum
763 1067 861 1124 grave,
882 1047 908 1105 si
927 1046 1054 1106 tentatio
1069 1047 1109 1104 sit

144 1149 177 1208 in
189 1149 312 1209 materia
324 1151 417 1225 gravi,
431 1150 480 1210 1-1]
493 1151 530 1208 ad
542 1149 663 1209 vitanda
681 1149 759 1209 levia
777 1149 905 1226 perfecte
919 1148 1082 1207 deliberata
1096 1167 1103 1204 :

145 1249 293 1308 Concedo:
310 1250 465 1309 Dabuntur
476 1250 597 1321 auxilia,
608 1251 717 1328 quibus
731 1249 881 1308 sanabitur
890 1253 998 1307 natura
1010 1247 1103 1324 lapsa,

91 1413 98 1423 ¹
144 1353 175 1407 et
188 1349 328 1408 tollentur
341 1349 432 1410 fomes
444 1355 475 1410 et
482 1356 578 1409 cetera
586 1351 776 1409 incitamenta
786 1349 823 1407 ad
832 1352 993 1426 peecatum,
1007 1366 1039 1406 11.
1052 1351 1105 1419 14;

144 1451 251 1526 quibus
264 1451 386 1510 sublatis
397 1455 494 1528 posset
510 1452 609 1528 justus
622 1451 675 1509 diu
695 1451 757 1508 sine
768 1450 831 1509 ullo
844 1453 962 1526 peccato
982 1447 1105 1506 vivere:

143 1549 243 1626 Nego:
264 1551 319 1609 hoo
333 1551 411 1608 enim
423 1571 482 1610 non
492 1551 576 1609 modo
588 1551 683 1626 gratia
692 1554 768 1610 esset
782 1549 925 1630 specialis,
941 1547 992 1607 sed
1011 1546 1106 1624 priri-

143 1649 254 1726 legium
276 1651 357 1710 istud
377 1651 519 1728 speciale3
541 1651 620 1728 quod
642 1650 755 1710 nemini
777 1668 908 1726 uuquam
928 1649 1107 1726 promissum

145 1753 198 1823 est,
213 1753 252 1822 11,
267 1755 389 1828 excepta
400 1750 533 1827 Virgine,
556 1749 667 1810 nemini
686 1769 818 1828 unquam
837 1769 889 1826 pro
909 1753 988 1808 certo
1002 1747 1107 1808 datum

145 1855 198 1910 est

185 1954 233 2009 11.
263 1951 326 2010 Neo
353 1949 447 2027 gratia
472 1950 631 2010 habitualis
656 1969 711 2008 nec
734 1949 827 2026 gratia
853 1949 987 2020 actualis,
1015 1948 1107 2008 etiam

145 2067 250 2124 magna
260 2054 291 2108 et
304 2050 446 2126 specialis,
468 2050 549 2136 tollit
568 2049 640 2109 istas
659 2049 771 2109 radices
783 2049 912 2126 peccati:
935 2049 995 2108 imo
1009 2069 1107 2127 neque

145 2148 208 2206 ulla
219 2149 284 2224 lege
298 2153 409 2210 statuta
420 2171 519 2208 aarum
532 2150 594 2208 vim
614 2153 644 2208 11
657 2149 844 2208 acerbitatem
860 2148 981 2208 emollit.
1024 2149 1107 2208 Hine

146 2267 221 2321 cnm,
238 2269 276 2309 ex
290 2249 381 2309 altera
400 2255 492 2327 parte,
508 2253 589 2310 Deus
609 2249 777 2327 saepissime,
798 2250 923 2308 infirmis
942 2249 1108 2326 praesertim

147 2347 239 2407 vitam
261 2369 368 2408 novam
391 2349 610 2427 incipientibus,
636 2350 813 2410 tentationes
837 2349 954 2425 mitigat
972 2353 1005 2410 11
1025 2351 1109 2409 lavat

146 2467 200 2508 nec
213 2450 283 2508 adeo
296 2451 443 2510 mordaces
452 2469 512 2509 esse
525 2450 678 2527 permittit,
691 2454 730 2526 et,
740 2449 823 2527 gravi
833 2449 931 2526 aliqua
944 2450 1108 2509 tentatione

146 2547 262 2608 fortiter
284 2549 406 2621 devicta,
429 2569 535 2626 magna
557 2549 773 2627 tranquillitate
796 2555 826 2609 11
850 2548 953 2608 solatio
977 2549 1108 2608 animam

147 2649 291 2722 aumulat3
314 2669 353 2709 ex
367 2651 457 2709 altera
470 2654 560 2728 parte,
576 2671 635 2709 non
647 2669 711 2710 raro
721 2650 825 2727 justos,
847 2669 966 2726 magnos
985 2669 1108 2726 praeser-

146 2748 201 2806 tim
215 2753 335 2821 sanctos,
357 2750 445 2809 etiam
459 2750 513 2827 qui
527 2771 544 2808 a
557 2751 665 2808 teneris
682 2752 775 2810 vitam
794 2755 921 2808 sanctam
943 2750 1105 2822 duxerunt,

146 2849 195 2906 vel
208 2850 245 2906 ad
259 2854 374 2927 tempus
395 2849 443 2907 rel
464 2850 524 2922 diu,
550 2849 587 2907 ad
608 2869 707 2908 eorum
729 2850 866 2910 meritum
888 2849 1056 2925 augendum
1077 2853 1108 2909 et

146 2948 267 3022 gloriam
281 2948 383 3024 gratiae
397 2967 456 3007 1111
477 2949 729 3021 manifestandam,
751 2947 929 3024 gravissimis
943 2953 973 3007 et
986 2949 1107 3025 quidem

146 3048 297 3106 horrendis
319 3047 538 3120 tentationibus,
563 3049 610 3106 vel
628 3069 646 3106 1
673 3049 787 3107 diabolo
799 3048 888 3118 'rela
910 3049 1067 3108 11111111
1089 3069 1108 3106 a

146 3148 254 3205 mundo
275 3147 324 3205 vel
345 3149 381 3205 ab
404 3147 537 3206 omnibus
567 3147 655 3206 simul
685 3147 831 3220 immissis,
856 3149 1018 3225 oppugnari
1040 3169 1105 3226 per·

146 3246 248 3304 mittit.
289 3246 440 3322 Exemplis
453 3246 621 3324 hujusmodi
633 3245 704 3306 111111
719 3247 891 3307 Sanctorum
905 3251 1025 3308 scatent
1066 3249 1107 3307 Et

145 3366 246 3406 revera
267 3346 418 3405 orantibus
438 3347 526 3406 etiam
551 3347 752 3406 ardentissime
776 3367 835 3406 non
866 3351 935 3407 sunt
964 3350 1106 3424 promissa

145 3446 257 3505 auxilia
270 3446 371 3521 gratiae
396 3447 433 3506 ad
455 3447 598 3506 tollendas
621 3447 798 3506 tentationes
819 3447 889 3525 (etsi
902 3447 934 3505 id
947 3447 1106 3524 saepissime

145 3547 189 3618 fit,
205 3546 307 3606 saltem
321 3547 357 3605 11
370 3547 508 3624 tempus),
534 3548 584 3604 scd
607 3546 713 3605 adeas
736 3545 895 3606 resistendo
917 3548 1103 3623 superandas.

148 3645 315 3722 Aliquando
339 3645 419 3705 Deus
439 3647 556 3704 omnino
579 3645 684 3704 liberat
703 3645 912 3719 atentatione3
935 3645 1102 3722 aliqnando,
