2438 4304
181 437 244 518 ³16
334 480 336 488 r
538 431 595 500 Dc
611 431 741 500 Grates.
813 484 818 488 -
970 435 1071 522 [orer.
1086 457 1137 504 lx.

180 613 244 662 tum
257 597 386 661 declarat
406 617 468 662 esce
490 619 543 679 pro
566 600 681 662 insonte
702 600 879 676 habendum,
898 603 931 662 et
952 621 1007 681 pro
1019 605 1138 666 insonte

181 701 278 762 habet.

221 806 267 880 40.
282 800 326 861 20.
348 799 490 860 Similiter
515 803 647 879 peccator
673 801 873 862 sanctificetur
893 821 951 861 non
981 804 1139 865 sanctitate

180 901 298 980 proprie
311 903 342 960 et
354 900 521 975 intrinsece,
537 919 596 960 nou
609 918 661 979 per
673 899 797 978 gratiam
811 901 916 961 enimse
930 902 995 980 ejus
1007 902 1137 963 infusam
1209 965 1210 992 ¹

181 1001 265 1080 eique
278 1000 478 1074 inhaerentem,
501 1001 550 1060 sed
574 1020 626 1080 per
644 1000 793 1079 justitiam
806 1004 837 1060 et
849 1000 955 1061 merite
975 1002 1087 1064 Christi
1102 1007 1139 1064 ub
1209 999 1210 1020 ¹

179 1119 213 1162 oo
230 1119 281 1180 per
303 1099 391 1162 fidem
415 1101 592 1178 apprehenso
613 1100 712 1180 (mira,
736 1120 766 1160 u.
790 1100 844 1174 44)
857 1100 955 1180 eique,
984 1101 1047 1162 loco
1076 1123 1138 1164 suae
1209 1111 1210 1120 ’

180 1199 306 1281 propriso
318 1198 453 1278 justitiis,
478 1199 631 1278 imputate.
670 1199 700 1259 N
701 1217 739 1258 on
747 1197 782 1258 fit
794 1219 861 1260 vere
875 1203 1003 1273 sanctus,
1019 1201 1070 1260 ced
1084 1222 1138 1280 pro

181 1303 279 1362 sancto
291 1301 434 1360 hebetur:
455 1298 582 1372 inirem.
598 1303 645 1373 69,
659 1301 720 1360 not.
761 1299 827 1360 Uno
847 1300 944 1373 verbo,
956 1300 1138 1378 justificatio
1209 1327 1210 1372 l

181 1401 214 1461 in
234 1397 488 1478 nonimputctione
514 1402 699 1476 peccatorum
722 1398 862 1472 consistit,
886 1400 1079 1460 sanctificatio
1105 1403 1139 1461 in

181 1499 375 1579 imputatione
398 1499 568 1558 meritorum
596 1499 714 1562 Christi.
767 1499 865 1559 Nota:
898 1499 956 1559 istc
981 1503 1135 1574 voeabula,

172 1602 342 1681 justificatio
356 1609 387 1660 et
399 1601 593 1679 sanctificatio,
616 1601 793 1660 adhibentur
805 1601 854 1660 hic
869 1621 954 1660 sensu
970 1601 1088 1662 diverso
1101 1605 1137 1662 cb

181 1723 215 1764 oo
228 1723 324 1782 supro,
340 1723 370 1764 n.
387 1706 433 1775 16,
449 1701 535 1763 dcto:
558 1702 669 1762 scdhoc
683 1701 760 1762 nihil
772 1701 861 1762 refert
874 1703 911 1762 ad
925 1704 1138 1781 expositionem

183 1803 332 1866 doctrinm.
1209 1873 1210 1884 χ

221 1909 270 1967 41.
295 1903 341 1963 11.
367 1903 407 1964 1⁰.
428 1901 516 1962 Fides
537 1901 598 1960 sola
621 1903 665 1962 est
689 1901 838 1979 dispositio
866 1921 917 1961 seu
943 1904 1074 1964 conditio
1099 1906 1138 1964 cd
1209 1887 1210 1954 l

178 2002 419 2082 justificationem
431 2000 599 2062 necessarie.
641 2001 691 2060 Ad
711 2001 786 2061 hunc
799 2021 859 2060 nen
872 2001 1138 2065 solumnecessurie
1209 1985 1210 2018 ³

181 2122 240 2162 non
253 2107 323 2162 eunt
336 2103 384 2162 eod
405 2101 482 2162 nihil
502 2101 654 2162 conferunt
674 2120 747 2179 spes,
771 2101 907 2176 chorites,
929 2103 1068 2164 contritio
1087 2111 1140 2166 cut

181 2200 304 2280 quodvis
326 2201 408 2262 eliud
431 2202 537 2260 bonum
560 2217 652 2278 opus:
673 2200 733 2260 imo
747 2205 884 2260 nocerent
898 2205 1045 2279 quotenne
1057 2204 1090 2264 in
1103 2205 1140 2264 iis

180 2305 336 2380 poneretur
347 2301 393 2360 vis
406 2300 504 2378 aliquo
524 2303 577 2360 sut
597 2298 737 2362 meritum
759 2301 962 2380 quodcumque
976 2303 1014 2361 sd
1027 2305 1139 2382 Justifi-

180 2402 322 2463 cationem
342 2400 513 2461 habendam.
554 2399 629 2462 Haec
651 2399 783 2459 doctrino
807 2401 843 2460 de
866 2401 924 2460 fide
947 2401 1009 2460 eolo
1028 2403 1140 2480 justifi-

180 2506 263 2564 cante
276 2499 352 2563 tanti
360 2499 524 2560 momentis
536 2498 668 2559 Lutherc
678 2498 778 2559 habite
788 2500 855 2574 luit,
870 2504 905 2561 ut
915 2501 964 2572 sit,
978 2504 1141 2563 secundum

182 2602 294 2663 dictum
305 2601 367 2679 ejus
380 2603 493 2672 notum,
509 2597 659 2659 Artocen
671 2599 776 2659 stantis
790 2605 841 2659 cut
853 2600 977 2660 cudentis
990 2600 1120 2664 wehelo.

222 2683 272 2762 42.
293 2700 338 2759 20.
357 2698 445 2758 Fides
468 2698 531 2759 haec
548 2697 717 2776 justificans
730 2717 916 2776 nequaquem
929 2697 1002 2759 fides
1016 2707 1063 2761 est
1076 2702 1138 2776 illo,

185 2799 279 2860 virtus
301 2797 470 2875 theologice,
497 2816 557 2876 qus
580 2796 647 2874 quis
670 2797 762 2856 credit
785 2797 883 2856 omnis
905 2798 1033 2862 revelate
1046 2820 1065 2861 e
1078 2802 1140 2862 Deo

183 2899 285 2978 (quem
298 2895 418 2974 quidem
439 2895 527 2956 fidem
548 2895 716 2956 historicam
739 2896 877 2974 vocont);
898 2915 993 2974 neque
1006 2898 1083 2961 fides
1097 2914 1140 2961 eet

182 3021 241 3082 quc
262 3001 329 3079 quis
347 3000 437 3060 credit
459 3000 662 3078 promissiones
686 3000 742 3060 Dei
762 3002 920 3078 generales,
940 3001 1030 3063 toties
1052 3003 1087 3065 in
1109 3007 1137 3067 S.

183 3101 335 3179 Scriptura
345 3099 510 3170 declerctee,
526 3100 562 3158 de
575 3097 742 3162 remissione
762 3105 953 3179 peccaterum.
995 3103 1061 3164 ceu
1068 3105 1142 3166 fides

184 3207 229 3266 est
241 3201 381 3281 specialis,
407 3219 458 3260 seu
481 3201 579 3278 potius
598 3202 765 3278 personalis,
789 3221 848 3279 que
861 3202 928 3280 quis
941 3204 1034 3266 credit
1046 3207 1099 3267 hic
1112 3213 1143 3269 et

184 3323 264 3364 nunc
285 3301 342 3362 sibi
362 3321 416 3360 sue
435 3309 554 3378 peccata
573 3321 632 3360 non
656 3322 717 3362 esee
740 3303 904 3379 imputate:
926 3303 1000 3362 fides
1019 3305 1085 3366 hoec
1099 3313 1144 3368 eet

185 3427 252 3486 ergo
265 3405 380 3479 fiducie,
397 3405 557 3482 etquidem
570 3405 654 3465 firma
668 3410 697 3466 et
712 3409 800 3480 certo,
817 3425 877 3466 sure
890 3407 1015 3484 propriae
1025 3409 1142 3487 justifi-

185 3506 306 3569 cationis
318 3507 373 3564 hoc
386 3503 509 3564 instanti
523 3504 640 3564 hubitce.
682 3506 771 3565 Hunc
792 3511 890 3565 ectum
911 3506 1073 3584 elicientes‚
1090 3532 1139 3572 seu

185 3605 283 3682 potius
295 3605 349 3664 hoc
360 3605 450 3664 enimi
463 3608 545 3663 motu
557 3604 693 3680 perculsi,
716 3605 878 3682 presertim
901 3605 932 3664 in
946 3611 1142 3670 conventibus

186 3701 436 3775 Methomturum,
453 3700 536 3780 quasi
549 3692 634 3762 extra
643 3719 674 3762 se
686 3703 773 3784 rapti,
786 3704 861 3766 altos
874 3704 1034 3786 sepissime
1047 3709 1141 3774 edum
