2430 4304
61 483 152 532 mse.
167 459 258 551 vus]
308 459 486 530 concordat
503 455 630 529 Gralz'oe
643 453 878 532 ettzterna's.
957 481 1021 558 249

63 633 182 711 aliquid
194 632 318 692 addatur
325 631 447 691 adhunc
458 630 575 690 modum
583 629 787 692 declarandum
804 652 813 694 t
832 634 1021 696 sibilantem

64 733 214 812 ejusmodi
232 733 264 792 in
276 733 410 793 textibus
429 730 529 791 allatis
548 735 600 790 aut
612 731 673 791 ullo
685 733 743 792 alio
756 739 842 794 textu
861 733 1019 796 iuvenitur.

63 835 155 894 Nihil
176 853 243 911 ergo
257 853 310 912 pro
323 833 491 892 Themismo
505 853 543 892 ex
558 831 619 892 illis
632 834 763 895 textibus
780 836 914 896 educitur
927 838 1020 915 magis

64 955 158 1012 quam
186 939 286 994 eontra
310 933 407 994 illum.
448 933 580 992 Ponatur
608 940 811 1010 argumentum
838 955 1021 1015 sequens:—

65 1037 172 1098 Gratia
184 1035 293 1096 effioaoi
312 1054 360 1094 eor
378 1034 504 1094 hominis
521 1033 657 1107 trahitur,
670 1037 720 1094 so.
761 1036 839 1111 Ergo
857 1037 952 1112 grstia
965 1039 1021 1098 ista

64 1156 119 1214 per
139 1137 259 1194 modum
283 1133 596 1212 praedeterminationis
614 1135 743 1212 physion
766 1140 911 1212 operatur.
952 1137 1021 1198 Sive

65 1258 250 1317 consequens
268 1257 371 1298 verum
394 1238 433 1298 sit
453 1239 513 1298 sive
533 1257 600 1308 non,
624 1238 829 1314 consequentia
851 1239 913 1300 sine
934 1241 1022 1300 dubio

63 1339 154 1399 nulla
166 1342 221 1410 est,
236 1338 293 1396 nisi
307 1339 475 1398 ostendatur
487 1337 536 1398 vel
554 1337 641 1396 iilum
654 1337 772 1396 modum
785 1337 920 1398 trahendi
933 1339 1021 1417 signi·

64 1439 152 1501 ficari
159 1440 192 1499 in
200 1444 295 1513 textu,
306 1440 355 1499 val
365 1439 424 1499 diei
434 1459 493 1499 non
505 1459 597 1517 possa,
610 1438 768 1499 seeundum
776 1458 861 1499 usum
871 1439 1020 1519 loquendi,

63 1541 218 1603 hominem
231 1541 293 1600 ullo
307 1540 364 1600 alio
377 1542 462 1600 modo
475 1540 563 1602 trahi.
602 1563 608 1574 ·

110 1647 158 1702 36.
173 1643 237 1701 111.
246 1645 472 1720 Arpameatatur
482 1661 519 1702 ex
530 1641 661 1702 textibus
670 1640 700 1700 in
710 1640 905 1719 quibusDeua
915 1641 1036 1704 dieitur

66 1743 166 1802 faeere
186 1745 221 1801 ut
240 1741 389 1815 faciamus,
416 1745 446 1802 et
464 1741 497 1800 in
519 1743 671 1819 preceptis
693 1742 757 1820 ejus
778 1742 967 1818 ambulemus,
990 1764 1023 1803 ae

62 1841 182 1921 judicia
191 1842 254 1918 ejus
265 1841 476 1903 custodiamus:
498 1841 606 1902 Enoch.
615 1839 761 1904 xxxvit'i
772 1862 781 1916 ς
796 1841 857 1902 Isai
870 1841 954 1905 xxvi.
968 1846 1023 1919 12;

66 1940 284 2018 Philipitls.

112 2045 162 2104 37.
184 2042 267 2118 Respa
288 2041 356 2102 Non
374 2044 418 2102 est
437 2044 549 2102 eertum
569 2060 729 2102 sermonem
749 2040 782 2101 in
795 2038 851 2102 isto
864 2041 1022 2103 loooIsaiae

68 2163 134 2204 esse
156 2143 192 2204 de
214 2143 309 2220 gratia
334 2145 370 2204 da
389 2163 448 2221 qua
470 2143 519 2203 hio
538 2143 696 2222 loquimur.
737 2144 794 2205 Sed
814 2149 875 2205 esto
894 2165 956 2206 rem
981 2145 1024 2206 ito

69 2267 103 2306 so
129 2245 248 2318 habere,
269 2246 369 2306 eadem
393 2249 447 2318 est,
472 2245 569 2323 quoad
591 2245 792 2319 substantiam,
817 2247 964 2324 responsio
986 2248 1020 2306 ad

68 2347 140 2407 illos
154 2349 184 2406 et
197 2365 295 2406 omnes
309 2345 418 2406 similes
431 2350 531 2406 textus
539 2363 605 2423 quae
615 2346 679 2424 jam
687 2347 755 2406 data
769 2349 822 2406 est.
857 2346 930 2412 Quis
943 2347 1019 2406 enim

68 2453 161 2526 negat
168 2449 265 2508 Deum
277 2449 372 2508 faeere
385 2451 421 2506 ut
429 2466 481 2506 nos
490 2447 640 2519 faciamus,
656 2451 686 2507 et
699 2447 914 2518 omnebonum,
927 2449 1022 2524 quood

67 2529 148 2610 selle
158 2552 188 2608 et
198 2547 343 2626 perficere,
354 2545 466 2624 operari
476 2545 508 2605 in
520 2545 627 2606 nobis?
655 2547 711 2606 Sed
720 2545 781 2605 sola
794 2544 915 2622 queastio
927 2551 970 2605 est
983 2565 1021 2604 an

69 2668 124 2727 per
133 2648 253 2708 modum
265 2646 461 2725 praemotionis
475 2645 614 2724 physica,
624 2646 661 2704 ad
674 2663 789 2705 sensum
798 2643 1021 2718 Themistarum,

70 2748 163 2808 faeiat
175 2752 211 2808 ut
223 2747 365 2808 faoiamus
380 2750 411 2806 et
420 2749 555 2823 operetur
567 2745 600 2804 in
612 2746 714 2806 nobis:
736 2744 820 2822 eujus
832 2743 1028 2822 praemotionis

72 2849 190 2908 nullum
203 2853 248 2909 est
259 2847 292 2908 in
305 2847 437 2908 textibus
450 2846 547 2906 allatis
559 2846 725 2923 vestigium.
758 2845 842 2906 Alios
855 2849 964 2920 textus,
976 2865 1029 2925 per

71 2949 191 3008 modum
214 2947 448 3020 confirmationis,
470 2947 580 3024 profert
600 2947 709 3020 Gorsr',
731 2949 855 3018 10,11:
877 2947 928 3006 sed
941 2966 1027 3026 argu·

71 3053 172 3109 menta
185 3068 224 3110 ax
233 3049 271 3108 iis
283 3048 389 3109 educta
402 3047 493 3107 simili
504 3048 588 3108 modo
601 3047 686 3107 facila
701 3047 909 3112 dissolvuntur.

112 3154 161 3210 38.
182 3151 354 3228 Arpammto
368 3169 426 3226 pro
442 3149 599 3209 nomisma
612 3169 645 3209 aa
664 3149 831 3210 Rationitaa
845 3149 1025 3228 Theolopieis.

72 3249 100 3308 I.
121 3249 203 3309 Deus
217 3255 262 3309 est
274 3248 368 3327 prima
382 3267 477 3321 eausa,
498 3247 613 3326 primus
630 3253 723 3308 motor
737 3250 866 3308 omnium
880 3250 1027 3310 actionum

73 3349 167 3409 omnis
180 3353 331 3410 ereatura.
374 3349 432 3409 sed
450 3347 518 3408 talis
537 3367 596 3408 uon
615 3353 690 3408 esset
702 3348 760 3408 nisi
779 3349 899 3427 physice
918 3350 1028 3426 praede·
1061 3427 1064 3434 Ι

73 3450 264 3510 terminando.

114 3555 162 3609 39.
183 3549 279 3627 Major
305 3549 341 3609 ab
363 3549 497 3609 omnibus
523 3551 646 3610 tenetur.
686 3548 769 3626 Nego
790 3548 939 3624 minorem,
960 3569 1026 3630 quse

73 3651 163 3722 nullo,
180 3651 257 3728 quod
267 3649 401 3722 viderim,
413 3649 503 3708 solido
514 3654 684 3727 argumento
697 3650 844 3725 probatur.
885 3651 1028 3730 Exemplo

74 3770 139 3830 quas
152 3751 264 3832 profert
276 3751 427 3812 anuasr
441 3751 478 3810 ad
493 3769 557 3810 eam
570 3749 745 3811 suadendam
766 3750 816 3832 (de
830 3750 938 3825 Gratia,
955 3751 982 3814 d.
997 3757 1024 3828 5,

490 3850 555 3909 12*
