2424 4300
56 446 146 490 Ι,ιεικ
162 422 224 512 va]
271 424 326 489 De
344 424 465 490 Gratia
479 425 571 490 Med.
587 431 650 489 atat
662 425 873 512 Eleu-neg.
955 448 1013 508 159

53 611 167 666 genera
180 591 340 652 infidelium
357 591 535 668 distinguere
548 613 717 668 possumus3
740 613 831 652 unum
846 612 1014 670 cognoscen-

53 690 136 750 tium
150 695 180 751 ct
194 692 350 752 colentium
370 681 462 751 unum
482 713 583 752 verum
604 697 700 754 Deum
720 715 772 772 per
791 695 891 754 lumen
903 696 1015 754 naturae

52 791 106 850 vel
121 792 278 852 traditione
291 793 419 851 humana
439 793 595 868 cognitum,
611 797 646 852 ut
659 797 729 854 sunt
742 795 856 871 pagani,
873 799 903 854 et
916 799 1015 872 potue·
1088 779 1110 818 '¹

51 894 131 951 runt
152 910 213 951 essa
237 891 329 968 aliqui
360 893 504 952 naturales
533 894 707 971 philosophi,
740 898 770 954 et
790 894 822 952 in
845 896 899 954 hoo
919 896 1018 954 ordine

51 992 74 1049 J
75 991 176 1050 udaaos
189 995 219 1051 et
232 992 382 1052 haereticos
396 1012 596 1066 numeramus;
612 994 693 1052 aliud
706 994 904 1070 ignorantium
918 1015 1018 1054 verum

53 1092 167 1164 Deum,
183 1096 213 1151 ct
226 1093 273 1152 vel
286 1092 364 1151 idola
377 1094 543 1166 colentium,
557 1099 709 1171 uigentes,
724 1096 896 1154 velnullum
908 1096 1019 1154 cultum

53 1191 211 1266 religionis
224 1192 371 1265 habentes,
394 1198 428 1252 ut
449 1195 559 1254 othei.’'
583 1197 705 1266 Susnnz,
722 1215 746 1253 o.
764 1201 790 1266 6,
805 1215 834 1254 n.
853 1199 878 1252 1.
920 1196 1018 1272 Impo-

55 1291 184 1372 tentiam
206 1292 331 1352 faciendi
352 1295 461 1352 bonum
485 1296 520 1354 dc
543 1299 668 1372 utroque
702 1295 813 1354 infideli
842 1297 1022 1354 affirmabant

55 1391 224 1450 Novatoros
238 1396 268 1451 et
280 1393 300 1451 J
301 1395 470 1453 ansenistae:
494 1394 633 1454 dixerunt
647 1394 725 1454 onim
739 1395 836 1454 omnia
850 1415 935 1472 opera
955 1395 1020 1453 infi-

56 1491 173 1550 delium
197 1492 231 1569 (i.
242 1512 266 1551 e.
288 1513 346 1552 non
370 1494 542 1553 habentium
568 1495 655 1554 fidem
678 1496 940 1572 supernaturalem)
962 1516 1022 1554 esse

56 1595 190 1669 peccata,
218 1592 305 1652 etiam
326 1593 507 1666 theiatarum,
532 1613 549 1652 a
575 1593 689 1652 fortiori
724 1595 885 1653 atheorum.
937 1595 1021 1660 Quod

57 1695 162 1751 autom
175 1691 251 1751 inter
264 1713 294 1752 se
305 1693 341 1752 de
354 1698 460 1752 natura
473 1693 542 1752 fidei
552 1697 581 1752 et
591 1694 675 1752 modo
685 1693 904 1770 justificationis
914 1694 1020 1753 dissen-

57 1792 184 1862 tiebant,
201 1791 276 1850 nihil
290 1793 326 1850 ad
339 1797 509 1869 praesentem
524 1794 677 1852 materiam
692 1795 791 1854 refert.

106 1896 152 1950 13.
174 1891 247 1950 Haec
261 1893 297 1951 de
310 1892 496 1952 infidelibus:
520 1894 555 1951 de
574 1893 709 1953 fidelibus
729 1894 927 1970 peccatoribus
947 1893 1021 1952 affir-

59 1997 184 2053 marunt
197 1994 336 2065 Rusellae,
352 1996 381 2054 N
383 1998 512 2054 oratores
526 2000 556 2054 ct
568 1996 587 2055 J
588 1996 739 2056 ansenistae
753 2016 851 2056 eorum
866 2016 951 2072 opera
964 2015 1022 2054 non

60 2096 181 2152 tautum
195 2111 253 2151 nou
267 2113 327 2152 esse
342 2093 481 2152 salutaria
494 2094 544 2152 sed
558 2097 653 2153 omnia
670 2115 730 2154 esse
744 2094 865 2154 totidem
881 2097 999 2171 peccata
1013 2114 1019 2164 ;

60 2197 98 2253 ut
113 2197 226 2253 constat
239 2213 276 2254 ex
289 2214 371 2272 prop.
393 2195 474 2254 Huss
492 2200 536 2267 16,
560 2195 661 2254 Baian.
679 2201 726 2267 35,
744 2200 792 2266 40,
808 2194 1020 2268 casanatae,

62 2300 113 2367 59,
130 2294 234 2365 Pistor,
251 2299 288 2354 23
302 2298 331 2353 et
345 2315 382 2353 ex
391 2295 470 2353 Trid.
486 2315 544 2354 sesa
557 2299 582 2367 6,
597 2315 658 2354 can.
677 2293 815 2354 72--“Si
825 2292 890 2370 quis
903 2291 1020 2363 dixerit,

61 2413 153 2470 opera
173 2392 277 2464 omnia,
300 2412 365 2469 quae
387 2398 453 2452 ante
473 2392 713 2470 justificationem
735 2391 820 2462 fiunt,
837 2410 1022 2467 quacumque

60 2497 178 2555 ratione
191 2495 267 2556 facta
280 2495 349 2568 sint,
364 2515 430 2556 vere
444 2515 504 2554 csse
518 2499 644 2572 peccata,
660 2493 708 2552 vol
722 2493 821 2551 odium
835 2493 890 2550 Dei
906 2491 1021 2563 merori;

62 2600 125 2668 aut,
143 2599 251 2672 quanto
271 2595 471 2655 vehementius
493 2595 559 2672 quis
579 2593 687 2653 nititur
701 2612 730 2650 se
745 2592 894 2668 disponere
908 2592 943 2649 ad
957 2611 1022 2666 gra-

62 2698 147 2769 tiam,
157 2700 245 2756 'tanto
259 2715 325 2755 eum
339 2695 456 2772 gravius
467 2715 599 2772 peccare3
620 2695 773 2754 anathema
787 2692 833 2752 sit.

108 2800 155 2856 14.
177 2795 242 2854 Etsi
256 2796 399 2873 principia
418 2795 598 2854 Novatorum
619 2799 648 2854 et
661 2793 890 2854 Janseuistarum
911 2791 1023 2850 diversa

67 2896 136 2965 sint,
162 2896 225 2970 ipsa
246 2898 344 2954 tamen
371 2895 509 2966 doctriua,
532 2894 595 2971 ipse
619 2914 696 2953 error
722 2893 799 2952 idem
829 2891 945 2951 omnino
969 2894 1022 2951 est.

70 2998 165 3056 “Hoc
179 2997 332 3056 intersedit
352 2995 507 3056 discrimen
526 2995 603 3055 inter
622 2999 781 3072 utrumque
796 2998 930 3073 systema,
947 2994 1023 3071 quod

64 3096 155 3174 juxta
177 3094 318 3154 theoriam
340 3095 520 3155 Novatorum
542 3093 669 3154 actiones
692 3096 875 3170 peccatorum
904 3092 1024 3150 totidem

68 3197 188 3273 peccata
215 3194 275 3255 sint
298 3215 335 3254 ex
356 3195 498 3272 principio
517 3195 670 3255 intrinseco
691 3197 803 3252 naturae
833 3195 974 3268 corruptae
996 3196 1025 3250 et

69 3295 184 3354 infectae
197 3314 249 3371 per
262 3294 532 3371 concupiscentiam,
548 3295 579 3352 in
593 3315 652 3372 qua
665 3293 797 3353 consistit
810 3292 935 3370 qualitas
949 3291 1023 3366 posi-

71 3394 144 3465 tiva,
157 3398 187 3452 et
197 3393 326 3452 formalis
339 3393 412 3453 ratio
426 3394 536 3470 peccati
550 3394 707 3469 originalis,
723 3394 800 3470 quod
814 3412 843 3450 so
858 3390 1026 3451 manifestat

72 3495 103 3552 in
117 3493 239 3569 singulis
252 3494 376 3553 hominis
396 3494 471 3570 lapsi
491 3494 668 3566 actionibus;
687 3495 778 3571 juxta
798 3492 937 3550 theoriam
957 3510 1025 3549 vero

72 3593 305 3654 Jansenistarum
337 3594 392 3653 hoo
423 3594 558 3671 provenit
581 3614 619 3653 ex
640 3592 781 3671 principio
812 3590 973 3650 extrinseco
996 3593 1026 3648 et

73 3693 218 3752 hominem
242 3693 387 3752 excitante
411 3694 447 3751 ad
470 3694 647 3770 peccandum
668 3694 699 3750 in
720 3691 842 3766 singulis
866 3689 1025 3749 actionibus
