2424 4300
62 447 146 491 urar.
164 426 228 510 vn]
289 427 343 490 De
362 426 483 492 Gratia
497 425 589 490 Med.
606 430 668 489 aut
680 425 894 514 Elea—neg.
966 431 1022 508 167

61 597 105 650 cst
125 593 208 668 quod
223 593 333 670 saepius
356 598 386 652 et
410 593 515 652 clarius
535 593 662 652 inculcat
683 593 842 671 Scriptura,
865 596 900 660 ut
914 597 1025 653 constat

60 711 97 749 ex
111 692 139 749 d.
158 697 187 752 3.

111 848 159 900 32.
192 844 375 918 Arpumeala
396 861 428 899 ec
450 841 596 900 Putridae.
632 842 753 900 “Multi
780 845 887 920 absque
913 844 971 903 fide
995 848 1024 904 et
1095 853 1098 862 ’

57 942 222 1017 Evangelio
250 941 360 1000 Christi
374 942 421 999 vel
438 942 582 1016 sapienter
603 940 716 1003 faciunt
740 942 847 1020 aliqua,
862 943 910 1003 vel
925 947 1022 1002 sancte

57 1043 127 1122 [ie.
155 1042 316 1100 sanctitate
337 1041 473 1111 naturali,
498 1043 645 1100 moraliter
666 1041 773 1121 bene];
796 1048 831 1102 ut
852 1042 1021 1120 parentibus

55 1146 279 1221 obsequantur;
301 1145 336 1200 ut
349 1141 430 1218 inopi
449 1161 568 1200 manum
590 1145 755 1218 porrigant;
778 1164 836 1201 non
857 1143 1021 1220 opprimant

55 1243 184 1314 vicinos3
206 1261 269 1300 non
283 1240 377 1300 aliena
391 1241 561 1318 diripiant.''
585 1245 615 1300 S.
631 1242 762 1300 Hrnaorr.
778 1242 810 1299 in
825 1243 919 1302 Galat.
935 1242 956 1299 i.
972 1246 1018 1301 15.

99 1350 148 1404 33.
172 1345 331 1404 “Naturae
354 1344 499 1415 humanae,
525 1345 608 1421 cujus
632 1349 741 1403 creator
765 1350 809 1404 est
830 1347 917 1420 Deus,
934 1345 1019 1404 etiam

59 1452 124 1524 post
150 1445 423 1524 praevaricationem
457 1449 555 1503 manet
582 1445 755 1520 substantia,
792 1451 891 1506 manet
917 1447 1018 1518 forma,

59 1552 158 1607 manet
180 1547 246 1606 vita
269 1551 299 1605 et
322 1565 422 1605 sensus
441 1550 471 1604 et
491 1545 565 1606 ratio
596 1551 747 1624 ceteraque
775 1547 901 1624 corporis
932 1551 1020 1624 atque

59 1649 148 1708 animi
161 1651 251 1720 bona,
268 1667 333 1725 quae
349 1647 435 1707 etiam
456 1647 541 1706 malis
561 1648 733 1725 vitiosisque
747 1668 803 1707 non
819 1649 924 1708 desunt
940 1669 946 1708 :
970 1649 1020 1706 sed

58 1770 115 1809 non
134 1751 168 1809 in
191 1751 241 1809 his
261 1751 348 1808 habet
362 1749 424 1808 veri
448 1749 516 1807 boni
538 1749 760 1826 perceptionem,
777 1768 843 1827 quae
859 1749 949 1830 [bona
962 1749 1020 1808 iata

58 1852 185 1928 eorporis
210 1857 242 1911 et
274 1849 379 1929 animi]
415 1850 566 1909 mortalem
593 1851 685 1909 vitam
713 1852 863 1910 honestare
888 1855 1017 1927 possunt,

58 1961 198 2012 aeternam
214 1957 314 2012 autem
334 1952 462 2011 conferre
482 1972 538 2010 non
553 1957 680 2028 possunt.
721 1954 824 2030 Neque
843 1953 920 2011 enim
934 1953 1016 2027 igno-

60 2065 121 2113 tum
135 2058 190 2129 est,
207 2058 353 2132 quantum
367 2053 474 2113 Graecae
499 2054 612 2125 scholae,
636 2056 802 2112 Romanana
822 2053 1016 2131 eloquentia,’'

60 2157 109 2214 &a
133 2155 162 2216 S.
176 2157 325 2224 Proerna,
342 2157 440 2211 contra
454 2151 635 2224 Collatorem,
652 2172 676 2211 c.
690 2155 735 2224 12,
746 2173 775 2212 n.
791 2159 817 2211 4.
858 2154 903 2210 Ex
919 2172 1014 2211 exem⁴

58 2256 114 2331 plis
136 2257 272 2316 adductis
301 2255 538 2332 philosophorum
571 2255 740 2312 Graecorum
767 2257 797 2313 et
820 2255 1015 2313 Romanorum

59 2363 139 2432 patet
154 2359 184 2417 S.
200 2360 318 2416 Patrem
332 2357 367 2415 de
379 2355 546 2413 infidelibus
560 2375 717 2414 sermonem
729 2356 841 2413 habere.

98 2463 146 2517 34.
183 2457 329 2518 “Caritas
357 2456 479 2514 aliaest
501 2455 608 2525 divina,
633 2455 690 2513 alia
713 2457 856 2513 humana:
889 2454 946 2512 alia
972 2461 1015 2514 est

58 2557 185 2618 humana
197 2557 288 2629 licita,
304 2556 361 2614 alia
375 2555 478 2613 illicita
481 2598 610 2613 .....
633 2554 727 2613 Licita
740 2557 785 2613 est
804 2555 930 2612 humana
943 2554 1014 2612 cari·

59 2661 109 2729 tas,
137 2678 196 2735 qua
218 2677 294 2716 uxor
318 2654 470 2730 diligitur:
492 2653 605 2726 illicita,
631 2673 689 2730 qua
712 2653 851 2711 meretrix
871 2653 920 2712 vel
939 2673 1014 2711 uxor

59 2757 150 2817 aliena
153 2802 285 2819 .....
308 2756 409 2815 Liceat
430 2755 511 2813 vobis
530 2755 658 2814 humana
678 2754 798 2814 caritate
812 2754 932 2829 diligere
945 2774 1012 2813 con·

55 2857 149 2934 jugae,
168 2861 289 2936 diligere
303 2858 388 2928 filios,
405 2856 525 2932 diligere
546 2856 652 2914 amicos
666 2861 784 2928 vestros,
801 2855 921 2931 diligere
936 2856 1013 2915 cives

59 2963 168 3018 vestros
171 3001 296 3019 .....
320 2957 376 3016 Scd
390 2955 496 3014 videtis
520 2956 604 3013 istam
627 2955 777 3014 caritatem
802 2975 863 3015 esse
886 2976 967 3034 posse
982 2967 1012 3015 et

59 3055 223 3134 impiorum,
250 3058 281 3114 id
303 3063 355 3128 est,
378 3075 563 3132 paganorum,
579 3056 758 3128 Judaeorum‚
774 3055 1009 3117 haereticorum.”

60 3155 87 3214 S.
101 3159 298 3230 Aucusrrnus,
315 3156 411 3215 Sermo
426 3159 493 3224 349,
509 3175 532 3215 c.
552 3159 575 3228 l,
594 3160 620 3214 2.

96 3256 142 3312 35.
163 3257 379 3330 Argumentum
401 3271 438 3309 ex
457 3252 577 3324 ratione,
594 3271 649 3328 quo
665 3271 787 3328 sequens
800 3252 933 3311 firmatur
946 3273 1009 3330 pro·

59 3356 169 3428 positio,
184 3357 231 3417 hic
247 3360 331 3432 urget
345 3375 362 3413 a
375 3353 496 3413 fortiori.
