2438 4304
164 432 227 515 306
530 426 587 494 Dc
603 427 734 496 Gratzir.
953 429 1053 518 [nnn.
1069 452 1119 499 1x.

164 616 206 670 eo,
223 596 301 675 quod
314 595 431 672 adoptio
445 593 545 654 divine
565 595 601 654 de
619 595 695 655 facto
715 595 750 654 fit
763 615 814 672 per
826 595 949 656 formam
957 599 1118 674 physicam,
1208 607 1209 672 ᾗ

164 715 231 774 quae
251 695 368 772 copulet
389 695 528 755 charitate
548 695 695 754 hominem
715 715 781 754 cum
802 699 873 768 Deo,
895 701 926 754 et
945 697 993 756 illi
1012 699 1123 758 tribuit
1208 715 1209 742 l

160 797 210 872 jus
231 795 268 856 ed
288 795 486 856 haereditatem
500 795 575 866 Dei;
597 794 713 871 adoptio
727 815 795 854 vero
815 796 944 854 humane
964 802 996 856 et
1015 799 1123 874 legalis

163 896 199 956 fit
220 913 272 973 per
293 895 415 954 formam
441 894 572 956 meatem
599 899 625 953 et
649 895 841 966 extrinsecam,
872 915 924 954 seu
949 916 1004 972 per
1029 897 1124 956 solem

163 994 345 1056 voluntatem
359 994 525 1054 assumendi
539 994 669 1072 aliquem
682 994 714 1052 in
727 994 833 1054 filium.
870 995 949 1054 Hinc
963 996 1018 1072 qui
1032 998 1124 1074 adop-

163 1098 275 1156 toturn
289 1097 351 1155 Deo
365 1093 473 1156 dicitur
491 1114 508 1154 a
522 1095 583 1154 Deo
602 1097 698 1168 natus,
723 1098 759 1154 ut
779 1095 904 1154 hebetur
921 1099 932 1153 l
949 1095 1057 1157 Joann.
1079 1097 1124 1156 iii.

166 1201 183 1256 9
196 1199 255 1256 2-‘
267 1193 367 1255 Omnis
381 1193 433 1271 qui
446 1197 532 1252 natus
540 1198 583 1254 est
591 1213 630 1252 ex
639 1193 702 1252 Deo
711 1197 863 1270 peceatum
876 1213 935 1253 non
947 1194 1032 1269 facit,
1048 1216 1123 1273 quo-

165 1297 244 1356 niam
262 1313 359 1354 semen
378 1291 471 1370 ipsius
488 1291 521 1350 in
534 1311 567 1350 eo
583 1291 700 1350 memet.¹
743 1293 851 1350 Contra
864 1312 942 1364 vero,
965 1293 1019 1370 qui
1033 1295 1123 1371 adop-

165 1398 246 1454 tatur
259 1394 295 1452 ab
309 1391 426 1451 homine
439 1410 498 1449 uon
511 1390 620 1449 dicitur
634 1391 669 1448 eb
683 1389 735 1448 illo
749 1394 844 1448 natus.
885 1391 916 1450 N
916 1391 976 1450 esci
989 1394 1072 1452 enim
1085 1413 1124 1454 ex
1208 1365 1209 1454 1

166 1493 264 1570 aliquo
292 1496 336 1552 est
362 1491 484 1550 formem
508 1510 545 1548 ex
572 1509 605 1548 eo
629 1489 753 1548 similem
780 1491 968 1566 generatione
993 1494 1122 1564 trahere,

160 1593 173 1672 j
178 1595 249 1653 uxta
262 1591 403 1652 celebrem
423 1589 621 1650 definitionem
640 1589 845 1666 generationis,
861 1589 940 1667 qubd
953 1591 995 1650 sit
1016 1593 1124 1669 ‘Origo
1208 1641 1209 1662 ,

165 1697 293 1758 viventis
315 1716 332 1756 a
351 1695 470 1756 vivente
491 1692 634 1771 principio
658 1694 814 1772 conjuncto
837 1693 871 1754 in
894 1695 1124 1756 similitudinem
1208 1729 1209 1756 l

165 1797 300 1860 naturae!
343 1798 400 1858 Per
426 1795 550 1872 gratiam
573 1799 671 1855 autem
696 1795 821 1854 habetur
845 1795 926 1872 origo
953 1796 1086 1868 viventis
1107 1817 1125 1857 a
1208 1833 1209 1860 1

164 1898 283 1960 vivente
311 1894 624 1976 perconjunctionem
652 1894 740 1954 istam
766 1895 952 1972 copulantem
978 1897 1125 1956 charitate
1208 1913 1209 1970 ς

165 1997 313 2058 hominem
326 2015 392 2058 oum
401 1996 463 2055 Deo
472 1995 504 2055 ia
514 1994 726 2055 similitudinem
739 1993 934 2073 imperfectam
947 2015 1009 2056 mom
1018 2001 1127 2056 natura
1208 2061 1209 2064 Ἴ

167 2099 273 2160 divina.
295 2141 303 2159 .
326 2125 334 2158 .·
356 2139 364 2159 .
387 2141 394 2157 .
416 2097 501 2157 Unde
522 2115 574 2173 per
587 2094 710 2172 gretiam
723 2096 848 2156 habetur
860 2096 918 2156 Dei
930 2096 1043 2170 filiatio,
1065 2117 1124 2156 non

167 2197 426 2258 naturalis-cum
455 2196 494 2256 sit
519 2214 649 2273 persone
676 2196 926 2256 extraneae-sed
953 2196 1123 2274 adoptiva.’¹

167 2297 256 2372 Vnus,
272 2318 301 2377 p.
318 2302 346 2373 3,
364 2299 391 2358 d.
406 2303 434 2372 4,
450 2317 479 2375 q.
493 2301 520 2368 3,
535 2315 565 2357 n.
583 2299 608 2368 l,
624 2301 652 2357 2.
694 2296 763 2357 vid.
779 2303 808 2356 et
822 2299 952 2371 Rnonns,
968 2298 998 2358 d.
1010 2303 1038 2370 3,
1052 2317 1081 2375 q.
1096 2302 1123 2370 l,

168 2419 191 2463 s.
207 2405 234 2474 4,
262 2398 321 2480 53,
344 2419 419 2461 vers.
446 2396 575 2458 “Prima
588 2397 665 2457 enim
676 2397 704 2472 ;”
727 2398 884 2472 Psssvms,
914 2398 950 2459 de
973 2398 1124 2460 Incernat.

166 2501 187 2562 l.
205 2502 231 2574 7,
252 2520 277 2560 o.
294 2505 321 2559 1.

208 2602 276 2661 ⁴⁵22.
298 2601 405 2661 Contra
426 2599 501 2659 hano
522 2597 683 2658 doctrinam
706 2597 852 2676 (utputo,
866 2597 953 2674 longe
967 2597 1128 2658 communi·

169 2701 271 2780 orem),
287 2720 400 2778 nempe,
421 2719 473 2758 000
495 2699 560 2759 fieri
573 2698 649 2758 filios
662 2697 720 2758 Dei
735 2718 787 2776 por
800 2699 923 2774 gretiam
934 2699 1124 2772 habitualem,

172 2803 278 2863 docent
301 2801 430 2875 Lussrus,
451 2801 597 2860 Psramus
620 2802 651 2858 et
673 2798 725 2858 elii
751 2798 855 2877 (Vrvs,
878 2798 949 2860 ibid.
969 2819 999 2860 n.
1012 2799 1053 2878 tl)
1071 2818 1126 2860 000

170 2919 231 2962 esse
245 2899 325 2959 filios
336 2900 393 2960 Dei
412 2904 432 2934 ‘¹
442 2899 559 2976 proprie
570 2903 602 2958 et
613 2887 790 2972 iormsliter,
806 2917 867 2958 nen
877 2903 941 2957 tam
953 2917 1007 2975 per
1020 2899 1125 2958 donum

170 2998 289 3076 aliquod
300 3002 429 3058 creatum
442 2995 583 3078 [gratiam
595 2995 805 3076 habitualem],
821 3016 909 3074 quam
919 3017 970 3074 per
983 2997 1124 3057 inhabita·

172 3098 282 3158 tionem
302 3101 333 3159 et
353 3096 560 3174 possessionem
584 3097 711 3173 Spiritus
732 3096 826 3154 divini
839 3097 1016 3156 vivificantis
1036 3101 1066 3157 01
1082 3117 1125 3157 ro-

172 3198 269 3275 gentis
280 3198 391 3258 animas
399 3198 540 3257 nostras.'’
569 3196 700 3267 Lussms,
713 3197 749 3256 de
757 3195 990 3256 Perfectionibus
1001 3195 1125 3268 Divinis,

172 3299 194 3358 l.
211 3300 258 3371 12,
281 3316 306 3358 o.
322 3299 367 3369 11,
379 3316 408 3357 n.
426 3297 480 3356 75:
496 3295 556 3353 vid.
566 3295 639 3354 etde
654 3294 774 3354 Summo
787 3295 878 3368 Bono,
894 3294 916 3353 1.
931 3298 960 3368 2,
975 3312 1000 3354 o.
1016 3298 1043 3366 l,
1054 3314 1083 3354 0.
1098 3298 1124 3355 4.

174 3395 219 3454 De
232 3395 287 3455 heo
301 3393 444 3455 sententie
455 3391 598 3470 (explost,
614 3399 645 3452 01
657 3392 761 3452 merito
774 3393 901 3470 quidem,
917 3393 1040 3454 0000003
1053 3394 1125 3454 arbi·

174 3494 266 3554 trarit
282 3495 340 3572 qut
352 3494 385 3554 in
398 3513 461 3555 cam
475 3493 626 3554 invehitur
636 3493 785 3572 Brennus)
796 3497 837 3554 sio
850 3494 951 3556 scribit
961 3495 1126 3554 Fnsnznnm

176 3594 278 3672 (Thes.
302 3598 352 3666 43,
372 3593 531 3670 not.):-—“
543 3594 608 3652 Hoc
631 3591 768 3668 quiddem
789 3612 847 3652 000
861 3598 999 3670 putemus
1018 3613 1123 3667 vuum,

177 3693 229 3760 sed
254 3693 379 3761 dicimus
408 3693 550 3781 Spiritum
584 3693 722 3762 Sanctum
748 3692 959 3763 inhabitantem
978 3693 1125 3776 saats'pium
