2424 4300
98 414 188 459 msr.
205 389 254 482 v.]
294 392 349 457 Dc
367 389 488 457 Gracc
503 389 646 457 Medici
658 390 940 476 Elea—positive.
998 413 1057 474 149

98 559 259 620 necessitas
281 559 351 618 novi
373 558 524 634 cujusdam
543 557 657 631 auxilii,
676 557 746 616 novi
767 557 905 634 praesidii.
947 558 1058 616 Textur

100 658 270 736 Scriptura,
292 658 324 717 in
344 657 452 736 quibus
479 656 536 717 ista
561 657 650 716 variis
673 656 766 715 modis
795 657 982 728 affirmantur,
1011 657 1058 716 in-

99 761 219 820 numeri
233 763 310 821 sunt.
352 761 543 819 affirmantur
569 759 601 818 in
628 759 665 818 iis
691 759 770 830 locis,
798 758 830 816 iu
854 759 962 836 quibus
983 759 1059 837 justi

100 865 281 926 exhibentur
300 869 336 925 ut
361 885 413 942 per
440 868 532 924 totam
558 864 650 922 vitam
678 867 829 936 certantes,
859 863 1056 936 colluctantes

99 970 278 1044 pugnantes,
307 966 470 1026 militantes
477 989 484 1038 ;
515 965 623 1043 quibus
654 965 895 1042 perseverandum
922 970 965 1024 est
993 985 1058 1024 cum

97 1073 234 1129 metuet
256 1072 389 1140 tremore,
419 1070 519 1128 contra
542 1067 718 1128 tentationes
740 1071 905 1144 perpetuas,
929 1087 945 1124 a
963 1086 1057 1138 carne,

98 1170 212 1227 mundo
226 1173 255 1229 et
266 1168 378 1228 diabolo
393 1167 551 1239 immissas;
569 1171 619 1228 &a
655 1167 839 1226 Exhibcntur
852 1171 887 1226 ut
898 1167 1056 1239 Certantes,

102 1273 116 1328 l
134 1269 214 1329 Tim.
230 1269 270 1329 vi.
287 1274 342 1343 123
365 1271 438 1328 Heb.
461 1290 491 1328 x.
509 1274 546 1330 32
559 1270 778 1344 :-“Magnum
802 1273 947 1328 certamen
970 1269 1056 1328 susti-

98 1370 209 1430 nuistis
233 1370 400 1448 passionum
412 1371 441 1443 ;''
467 1371 520 1431 xii.
538 1375 571 1442 1;
594 1371 800 1443 colluctantes,
822 1371 929 1447 Ephes.
943 1370 983 1430 vi.
1002 1374 1054 1441 12;

98 1473 278 1549 Pugnantes,
291 1476 305 1531 1
319 1473 382 1533 (lor.
395 1472 437 1530 ix.
448 1476 485 1530 26
498 1495 504 1545 ;
520 1471 692 1544 Militantes,
704 1472 723 1532 J
725 1473 768 1530 ob.
782 1471 833 1530 vii.
847 1471 1057 1530 l:-“Militi·a

99 1579 148 1631 cst
156 1572 218 1632 vita
231 1573 356 1632 hominis
376 1559 468 1651 super¹
482 1577 587 1633 terram
597 1575 625 1647 ;''
641 1574 747 1650 Ephes.
758 1572 797 1632 vi.
812 1573 925 1642 13-17;
943 1573 1057 1642 Quibus

98 1673 342 1750 perseverandum
370 1678 414 1733 est
442 1693 509 1733 cum
536 1679 616 1734 metu
640 1678 669 1733 et
695 1677 828 1743 tremore,
851 1672 926 1741 Phil.
947 1672 976 1731 ii.
1001 1677 1054 1744 12;

105 1773 115 1826 l
133 1771 198 1828 Cor.
210 1789 240 1827 x.
257 1775 310 1840 123
334 1771 441 1830 Contra
451 1769 625 1830 tentationes
638 1774 801 1847 perpetuas,
816 1772 864 1829 &a
876 1771 977 1830 Jacob.
992 1770 1012 1828 i.
1027 1775 1054 1842 2,

103 1873 221 1940 12,14;
250 1870 487 1942 Matt.xviii.7;
509 1870 625 1929 aJoan.
643 1873 679 1942 7;
709 1869 938 1940 acor.xi.14;
965 1870 1053 1929 lPet.

99 1988 130 2028 r.
147 1973 165 2025 8
178 1974 249 2026 :—“
262 1969 357 2029 Sobrii
370 1973 462 2029 estote
476 1973 506 2029 et
520 1969 658 2046 vigilate:
681 1968 752 2046 quia
765 1968 947 2028 adversarius
960 1975 1056 2029 vester

71 2106 73 2109 -
100 2069 243 2142 diabolus,
271 2073 411 2149 tanquam
437 2070 482 2130 leo
509 2070 637 2148 rugiens
666 2071 778 2143 circuit,
808 2090 940 2148 quaerens
967 2091 1054 2149 quem

100 2171 250 2231 devoret.''

144 2274 194 2332 72.
216 2271 429 2331 Ascuusrrurr
443 2273 484 2331 Π.
507 2271 599 2331 exiis
623 2272 693 2332 locis
716 2273 882 2351 Scripturae,
902 2271 1056 2350 inquibus

103 2371 147 2439 1⁰,
164 2367 269 2428 diserte
285 2369 450 2441 affirmatur,
472 2389 523 2446 pro
534 2370 624 2445 justis
638 2370 674 2428 ad
687 2371 939 2446 perseverandum,
955 2375 1053 2428 neces·

100 2467 173 2546 sitas
186 2469 323 2528 orationis
336 2470 497 2543 continuae;
520 2474 550 2530 et
565 2471 607 2543 20,
619 2469 652 2528 in
666 2472 771 2548 quibus
785 2472 883 2531 eadem
899 2471 1055 2530 necessitas

99 2567 243 2628 indirecte
264 2568 453 2645 significatur,
476 2569 507 2626 in
527 2570 582 2628 hac
602 2569 729 2628 oratione
743 2590 794 2647 pro
808 2569 1055 2647 perseverantias

99 2667 209 2728 sanctis
228 2668 393 2728 hominibus
411 2669 609 2728 indesinenter
619 2673 649 2730 et
662 2669 863 2730 indeficienter
877 2672 907 2729 et
921 2669 1055 2729 ardenter

100 2767 241 2829 adhibita.

143 2870 190 2931 73.
217 2871 257 2930 10.
282 2871 435 2947 “Oportet
449 2891 561 2948 semper
579 2891 659 2931 crare
678 2875 708 2931 et
721 2891 779 2931 non
793 2873 943 2933 deficere.'’
982 2872 1053 2932 Luc.

102 2967 201 3028 xviiii.
224 2973 250 3028 1.
280 2970 438 3046 “Vigilate
466 2975 495 3030 et
522 2975 611 3044 orate,
636 2975 747 3031 utnon
768 2972 883 3032 intretis
907 2973 938 3030 in
962 2976 1055 3032 tenta·

99 3071 229 3130 tionem:
266 3070 385 3148 spiritus
418 3072 535 3149 quidem
569 3078 720 3151 promptus
761 3079 825 3146 eslf
853 3095 917 3133 caro
958 3080 1055 3132 autom

100 3170 247 3230 infirma’'
289 3173 377 3232 Matt.
398 3173 481 3232 xxvi.
503 3177 551 3233 41.
592 3175 660 3233 Non
680 3178 725 3234 est
741 3194 814 3252 opus
841 3175 939 3250 plures
955 3178 1056 3233 textus

99 3271 137 3329 de
161 3290 192 3329 re
212 3272 282 3331 adeo
305 3277 405 3349 aperta
426 3274 583 3333 cumulare.
626 3274 669 3333 20.
691 3275 748 3332 Pro
771 3274 913 3350 exemplis
937 3274 1056 3333 secundi

98 3369 221 3446 generis,
241 3371 446 3447 pretermissis
465 3372 530 3431 aliis
544 3372 667 3432 Psalmis
683 3377 713 3432 et
736 3373 802 3432 aliis
818 3373 902 3430 libris
916 3374 955 3430 V.
971 3377 1001 3431 et
1016 3373 1054 3430 N.

99 3473 289 3548 Testamenti,
308 3474 352 3533 ait
373 3476 539 3536 Jorcrrsurr
558 3475 600 3554 (n.
617 3477 678 3554 81),
708 3481 725 3511 “
738 3476 872 3534 Psalmus
887 3475 977 3534 cxviii
996 3476 1055 3534 fere

96 3577 179 3634 totus
192 3573 305 3634 fervida
318 3575 482 3654 deprecatio
496 3579 549 3649 est,
565 3580 601 3636 ut
611 3577 692 3636 Deus
706 3575 850 3634 auxilium
865 3577 1055 3635 necessarium

94 3673 171 3734 velit
196 3677 351 3736 concedere
374 3676 410 3735 ad
433 3677 676 3754 perseverandum
698 3675 729 3733 in
744 3677 791 3734 via
810 3675 935 3733 Domini.
981 3675 1057 3741 Quia
