2408 4304
190 413 253 490 384
556 407 613 472 Dc
630 405 767 472 Gratia.
1001 405 1149 490 [010001.

190 573 262 634 recti
288 571 431 633 consciam
456 571 628 632 vindicans:
661 573 797 632 concedit
820 575 924 632 tamen
953 592 987 632 se
1013 593 1076 632 non
1098 574 1150 632 ideo

189 693 290 734 revera
302 677 334 733 et
345 691 443 732 coram
455 672 518 731 Deo
527 672 645 750 justum
658 692 730 747 esse,
752 673 805 732 sed
820 677 945 732 tantum
960 691 1062 732 coram
1075 673 1151 732 trihu·

189 775 251 834 noli
269 773 423 834 hominum
442 777 473 833 et
484 773 609 851 propriae
630 774 829 834 conscientia.
874 775 1087 852 Quaecumque
1105 775 1152 834 siut

190 873 322 934 difficilia
344 873 378 933 in
393 873 502 934 literali
524 873 767 951 interpretatione
790 875 984 934 locutionum
1005 875 1153 953 particula-

189 974 276 1046 rium,
291 974 481 1034 manifestum
491 977 536 1034 001
548 974 568 1034 J
568 975 666 1048 obum,
678 974 735 1034 etsi
745 994 843 1035 coram
852 975 920 1035 Deo
931 975 1152 1042 sanctissimum,

190 1079 221 1135 01
240 1074 354 1134 nullius
381 1072 494 1152 peccati
514 1075 669 1144 conscium,
698 1094 890 1152 nequaquam
917 1075 1084 1136 credidisse
1105 1075 1153 1133 fide

190 1174 291 1234 divina
305 1193 335 1234 00
352 1173 468 1252 justum
482 1173 579 1248 fuisse,
594 1174 690 1234 multo
704 1174 804 1236 minus
817 1195 849 1234 se
861 1176 920 1236 hac
940 1174 1153 1254 1101οῇ001110-

190 1283 255 1340 tum
268 1277 367 1338 fuisse.

232 1387 260 1441 3.
280 1382 498 1442 Aaounssrun
512 1380 557 1439 II.
582 1380 669 1440 “Hic
689 1379 753 1458 jam
772 1381 921 1457 quaritur
938 1379 1024 1442 inter
1046 1380 1152 1459 dimon

192 1487 310 1556 satores,
322 1486 358 1541 01
367 1480 462 1541 fidelis
470 1481 537 1558 qui
545 1480 723 1542 inveniatur.
758 1481 837 1540 Mihi
850 1486 954 1541 autem
968 1503 1026 1560 pro
1040 1482 1151 1541 minino

192 1586 237 1642 est
256 1585 291 1641 01
311 1580 424 1640 euobis
439 1581 555 1658 judicer
574 1585 628 1640 001
641 1582 677 1640 ab
694 1581 823 1640 humano
842 1581 889 1640 die
913 1579 951 1660 [i.
968 1601 998 1642 0.
1009 1580 1150 1660 judicio]:

191 1682 243 1741 sed
265 1700 362 1758 neque
382 1680 527 1757 meipsum
551 1681 661 1758 judico.
702 1680 789 1740 Nihil
815 1681 896 1741 enim
920 1681 1002 1740 mihi
1027 1682 1151 1741 conscim

191 1800 274 1841 sum:
296 1781 418 1840 sednon
431 1780 464 1838 in
482 1781 537 1840 hoc
553 1781 734 1858 justificatus
754 1800 836 1839 sum:
859 1779 914 1858 qui
926 1785 1034 1841 autem
1044 1781 1150 1858 judicat

191 1901 238 1941 ma
251 1879 395 1940 Dominus
412 1879 486 1940 est.”
530 1881 625 1940 lCor.
639 1881 678 1940 iv.
693 1884 760 1938 2-4.
804 1879 915 1940 Sensus
935 1881 1033 1958 hujus
1053 1881 1150 1940 lociir

191 1982 361 2060 paraphrasi
371 1979 503 2058 sequenti
511 1979 637 2040 fideliter
647 1979 804 2040 exhibetur
815 1981 979 2040 t-Parum
988 2000 1063 2040 curo
1072 1981 1149 2058 quale

190 2079 340 2158 judicium
354 2081 390 2140 de
403 2101 460 2154 me,
476 2080 508 2139 in
522 2079 681 2140 ministerio
695 2099 769 2140 meo
779 2079 956 2156 peragendo,
974 2101 995 2138 a
1008 2080 1094 2140 vobis
1106 2083 1148 2138 001

192 2182 229 2240 ab
242 2181 304 2240 ullo
317 2181 435 2240 homine
448 2181 516 2240 fiat:
539 2199 592 2240 nec
611 2179 756 2256 meipsum
768 2178 832 2256 ipse
842 2179 947 2256 judico
960 2180 1084 2240 fidelem
1096 2199 1147 2239 csse

193 2279 371 2340 ministrum.
413 2280 489 2340 Sane
508 2299 567 2339 non
587 2299 651 2340 sum
673 2278 805 2338 conscius
826 2277 927 2337 mein
948 2297 1076 2338 munere
1093 2299 1147 2337 meo

192 2380 340 2456 fungendo
360 2379 502 2440 defuisse:
523 2384 651 2439 attamen
672 2379 760 2438 etiam
779 2378 856 2436 hanc
876 2377 1090 2438 conscientiam
1101 2379 1146 2436 ha·

192 2481 335 2541 benanon
347 2498 464 2557 possum
477 2479 619 2538 affirmare
632 2497 677 2537 me
691 2497 751 2538 0000
765 2475 828 2536 0100
844 2476 950 2554 culpa:
974 2477 1058 2536 solus
1078 2477 1146 2538 enin

195 2581 276 2639 Deus
289 2579 396 2656 estqui
409 2578 552 2658 ejusmodi
567 2577 715 2657 judicium
727 2578 822 2636 facere
835 2580 942 2654 potest.
984 2577 1075 2636 Patet
1087 2597 1146 2653 ergo

191 2677 281 2738 etiam
295 2677 394 2756 ipsum
407 2697 545 2754 magnum
557 2678 732 2756 Apostolum
745 2675 953 2736 certitudinem
966 2676 1040 2736 fidei
1053 2677 1089 2738 de
1101 2697 1145 2736 sua

188 2777 401 2856 justificatione
414 2797 473 2838 non
486 2777 629 2838 habuisse.

231 2881 259 2938 4.
279 2877 493 2938 Aneunnurun
507 2879 570 2938 III.
602 2877 709 2938 “Sunt
727 2875 804 2954 just-i
831 2877 919 2952 atque
941 2874 1097 2953 sapientes,
1119 2879 1144 2934 01

190 2995 279 3054 opera
300 2997 399 3036 eorum
421 2979 451 3036 in
475 2997 564 3038 manu
578 2977 651 3038 Dei:
674 2981 703 3037 et
723 2980 822 3036 tamen
834 2975 929 3034 nescit
947 2975 1037 3035 homo
1051 2981 1143 3036 utrum

189 3095 285 3136 amore
299 3095 336 3135 an
350 3076 416 3136 odio
431 3077 538 3154 dignus
552 3077 608 3137 sit:
633 3077 680 3136 sed
696 3075 792 3136 omnia
802 3074 834 3132 in
846 3075 984 3134 firturum
998 3080 1143 3135 servantur

188 3180 331 3243 ineerta.”
366 3182 476 3244 Eccles.
491 3182 532 3244 ix.
546 3187 571 3256 1,
584 3186 612 3241 2.
647 3180 832 3242 Clarissimus
844 3183 888 3240 cst
901 3179 950 3238 hic
964 3179 1057 3253 10000,
1068 3180 1143 3240 00110
1194 3231 1195 3234 ,

189 3282 420 3358 adprobandum
434 3284 615 3342 enarratione
631 3281 784 3357 indigens;
805 3283 836 3338 01
848 3277 941 3350 nobis,
965 3280 1002 3338 ob
1025 3279 1141 3340 auctori·

188 3385 280 3442 tatem
292 3385 399 3442 nostrae
408 3381 544 3458 Vulgata
557 3381 706 3454 versionis,
722 3381 927 3456 argumentum
937 3378 1026 3438 affert
1035 3378 1141 3438 omnino

189 3481 314 3541 firmum.
356 3482 573 3555 Verumtamen,
588 3485 707 3558 propter
720 3479 926 3540 obscuritatem
939 3481 1044 3537 textus
1056 3479 1139 3538 Hebr.

190 3585 220 3640 01
235 3582 326 3642 Graec.
341 3582 421 3658 Sept.
446 3601 505 3640 non
527 3581 646 3658 expedit
665 3584 700 3640 ut
720 3581 774 3639 hoc
788 3579 995 3654 argumentum
1009 3581 1137 3656 tanquam
1194 3635 1195 3638 ,

191 3679 383 3740 decretorium
397 3685 496 3742 contra
510 3681 706 3742 Protestantes
719 3683 865 3758 urgeatur.
