2410 4314
51 403 151 450 nise.
169 383 239 468 un]
286 383 342 448 Do
359 381 480 448 Grolzir
490 382 654 448 elevante:
674 379 823 468 positive.
984 387 1026 468 69

101 553 158 614 27.
185 550 249 610 ΙΙΙ.
272 549 409 621 Doctioo
428 549 575 612 Castorea.
615 550 695 628 Opus
708 553 752 610 est
765 549 813 610 rel
829 549 869 623 10,
884 550 1026 628 peccami-

52 669 175 710 nosum
189 649 237 710 vel
251 649 294 723 20,
313 649 462 712 moraliter
474 651 582 712 bonum
601 647 650 708 vel
664 648 705 722 30,
721 649 847 710 solutore
860 648 1029 728 simpliciter
1086 630 1090 638 ¹

52 751 111 810 vel
136 750 184 822 40,
210 748 400 830 meritorium.
442 750 521 828 Opus
543 748 692 810 moraliter
706 749 815 810 bonum
836 753 881 810 cst
901 769 974 830 opus
996 749 1028 808 in

54 851 195 929 objecto,
210 849 437 920 circumstantiis
451 852 495 909 ent
507 848 569 910 fine*
583 849 737 910 honestum
751 868 804 910 sou
822 851 909 910 recte
922 847 1029 922 notioni

56 951 229 1015 conforme.
264 951 345 1028 Opus
354 949 583 1029 pememinosum
593 954 637 1010 est
647 969 720 1026 opus
730 949 807 1028 quod
818 950 849 1008 in
862 949 977 1028 alioque
991 969 1028 1010 ex

57 1051 130 1120 illis
148 1050 246 1118 imbus
265 1049 364 1116 delicit
383 1054 413 1113 et
432 1050 543 1113 molum
556 1055 609 1112 cst
660 1051 742 1130 Opus
755 1049 882 1112 solutore
895 1053 939 1112 est
957 1069 1030 1130 opus

60 1151 148 1229 quod
171 1149 296 1228 positive
319 1149 447 1228 disponit
469 1160 499 1212 et
520 1149 601 1211 ducit
621 1148 658 1212 ed
682 1148 865 1212 sanctitatem
886 1152 917 1212 ee
936 1150 1029 1212 vitem

62 1256 222 1316 aeternem.
270 1249 344 1312 Dioo
360 1255 379 1285 ‘¹
388 1249 549 1329 positire;’'
573 1250 598 1310 si
612 1250 696 1320 enim,
708 1250 842 1330 negative
856 1253 972 1315 tontum
985 1270 1029 1312 re-

63 1351 216 1414 movendo
230 1349 340 1418 obicem
354 1350 490 1428 disponit,
506 1369 565 1410 non
579 1355 699 1412 vocetur
712 1351 847 1424 salutare,
863 1353 915 1411 eut
928 1351 1029 1410 saltem

64 1472 131 1514 non
156 1455 277 1518 vocetur
297 1450 354 1510 nisi
376 1437 510 1528 negativo
531 1450 675 1513 solutore:
699 1469 729 1514 n.
745 1453 793 1524 83,
810 1455 858 1514 86.
899 1449 979 1522 Quid
992 1450 1030 1512 sit

65 1571 146 1630 opus
159 1550 341 1618 meritorium
354 1549 413 1612 rid.
425 1551 452 1610 d.
469 1555 516 1612 12.

114 1655 163 1714 28.
186 1651 286 1714 Sermo
299 1659 345 1714 est
357 1649 405 1710 hio
419 1650 456 1710 de
469 1649 528 1710 solo
544 1667 629 1728 opere
648 1648 787 1722 saluteri3
812 1650 842 1710 et
856 1649 891 1710 de
905 1648 1028 1710 necessi-

69 1759 135 1818 tate
149 1754 251 1832 gretie.
265 1755 301 1824 ud
317 1775 390 1834 opus
407 1753 552 1832 ejusmodi
567 1754 734 1832 ponendum
749 1753 812 1814 hoeo
832 1752 889 1814 trie
907 1753 1030 1820 affirmat

71 1856 207 1920 doctriua
228 1855 384 1922 Catholice.
428 1855 470 1918 1⁰.
489 1854 538 1914 Ad
559 1873 643 1922 omne
663 1873 736 1933 opus
753 1854 879 1914 solutore
899 1854 1030 1916 obsolute

71 1955 235 2018 necessarie
247 1964 291 2020 est
304 1954 398 2033 gretie
411 1954 526 2019 interne
539 1955 665 2018 elevans.
708 1955 750 2016 20.
773 1955 887 2016 Pariter
900 1954 1030 2016 obsolute

71 2055 237 2120 necessario
249 2059 294 2126 cst
306 2055 405 2119 ecdem
413 2037 507 2132 gietiu
516 2054 553 2116 od
566 2054 685 2122 initium
699 2053 794 2133 operis
807 2054 951 2118 solutoris.
987 2056 1030 2118 30.

73 2155 177 2218 (iretis
189 2175 341 2234 nunquam
354 2156 440 2218 detur
448 2154 560 2218 intuitu
568 2154 730 2216 cutmerito
740 2174 922 2234 quocumque
936 2155 1030 2234 operis

73 2255 186 2320 ordinis
199 2255 348 2329 neturclis,
363 2254 409 2317 ie.
423 2255 518 2333 gretie
528 2259 573 2316 est
586 2254 703 2316 omnino
712 2255 882 2316 ctebsolute
891 2255 1028 2332 gratuite.

116 2357 185 2418 ⁴⁵29.
209 2356 254 2416 De
275 2354 369 2434 prime
391 2354 585 2433 propositione
607 2353 729 2432 quscstio
751 2357 805 2428 est,
828 2358 929 2415 utrum
949 2359 1031 2418 octus

73 2455 145 2518 fidoi
158 2455 196 2516 sit
208 2455 437 2534 supernaturalis
448 2456 544 2534 quood
558 2453 748 2516 substantium
764 2474 813 2514 seu
822 2454 983 2528 entitatem,
993 2474 1031 2516 en

75 2559 192 2618 tentum
205 2556 300 2635 quood
313 2555 431 2616 modum
455 2556 497 2635 (d.
516 2560 541 2628 1,
557 2573 587 2617 n.
602 2552 661 2632 9)?
706 2555 775 2628 Seu,
791 2553 859 2616 eliis
873 2537 978 2629 verbis,
993 2574 1031 2616 on

74 2658 153 2719 idem
165 2657 227 2735 ipse
248 2673 381 2720 assensor
393 2655 463 2716 fidei
476 2656 537 2734 qui,
553 2659 588 2716 nt
602 2655 641 2716 eit
655 2653 799 2729 solutoris,
816 2655 901 2716 debet
914 2654 980 2718 elici
993 2675 1031 2716 ox
1079 2725 1081 2730 ,

74 2756 176 2836 gretie,
203 2756 295 2835 possit
321 2755 388 2817 elici
414 2761 449 2815 ut
475 2776 548 2835 opus
574 2755 707 2816 neturole
731 2759 762 2816 et
782 2775 861 2816 mero
883 2757 1032 2834 moraliter

17 2859 19 2872 ’
76 2858 181 2918 bonum
195 2874 232 2916 ex
245 2854 357 2916 viribus
369 2854 506 2916 neturae?
550 2853 825 2934 Haeoquaestiohoo
838 2856 1032 2935 locoponitur

78 2959 192 3036 propter
205 2954 329 3016 similem
341 2955 378 3016 de
391 2955 517 3016 secunde
530 2954 725 3032 propositione
739 2954 937 3034 questionem,
947 2957 1031 3036 eujus

79 3055 212 3118 resolutio
230 3053 390 3116 necessarie
410 3060 454 3121 est
474 3060 509 3116 ut
529 3055 634 3116 clerius
654 3054 855 3132 intelligemus
873 3057 1032 3119 doctrinam

81 3156 260 3234 probandam.
288 3155 375 3216 Retio
389 3154 543 3224 dubitandi
556 3155 699 3234 gencrdis
713 3161 766 3230 est,
782 3155 853 3234 quie
866 3156 918 3218 olii
932 3157 1032 3235 plures

82 3257 185 3320 dentur
198 3261 290 3329 notus,
306 3255 359 3334 qui
371 3276 410 3318 ex
423 3256 517 3335 gretie
530 3257 607 3318 fiunt
621 3257 775 3328 solutores·
789 3261 819 3318 et
832 3262 930 3318 temen
949 3257 981 3320 in
1001 3279 1032 3318 so

82 3362 148 3418 sunt
176 3359 341 3434 noturoles3
377 3357 473 3436 qualis
500 3359 544 3418 est
570 3360 654 3418 notus
687 3356 898 3435 temperentiee,
927 3358 1033 3418 emonis

83 3462 239 3538 parentum,
256 3461 305 3520 &o
357 3458 445 3520 Retio
458 3461 556 3520 eutem
570 3457 703 3536 specialis
717 3460 771 3530 est,
791 3456 946 3536 quietalis
965 3464 1034 3520 eunt

84 3559 187 3622 motivo
207 3559 409 3620 credibilitetis
432 3577 523 3637 ecque
544 3561 589 3620 est
612 3577 712 3618 eorum
733 3557 778 3618 ris
799 3557 1032 3642 probandique

84 3662 153 3722 bene
163 3659 197 3722 ob
210 3658 359 3722 intellectu
374 3659 485 3721 ritibus
497 3657 622 3738 propriis
634 3657 752 3737 percipi,
765 3656 877 3737 inspici,
893 3657 1034 3736 perpendi
