2402 4292
59 413 162 465 mse.
178 391 240 483 rm]
310 398 366 464 De
380 390 521 463 Nature
536 399 569 464 et
591 388 637 465 Vi
651 397 747 464 Gret.
764 387 882 465 Hebz't.
973 414 1035 489 309

61 565 107 624 in
126 565 259 626 textibus
279 564 339 624 illis
362 585 421 625 nan
443 564 602 641 significari
625 565 719 642 ipsam
742 565 1038 644 participationamat

63 665 303 726 similitudinem
317 665 457 738 divinam,
474 665 505 724 in
519 685 578 742 quo
588 665 749 726 formaliter
760 667 900 740 consistit,
913 668 963 727 sed
973 671 1037 728 tan·

64 769 147 826 tum
169 765 304 824 effectum
326 765 409 842 ejus,
442 770 472 823 et
497 764 670 842 qualitatem
697 764 785 824 istam
809 765 887 842 justi
911 766 1037 828 animam

66 864 204 924 mirifica
219 864 342 941 quadam
355 863 500 940 spirituali
514 862 734 940 pulchritudine
747 883 896 936 exornare,
912 866 1036 926 sedasse

65 963 109 1022 in
124 982 156 1022 sc
170 963 243 1040 quid.
265 981 378 1023 omnem
399 966 530 1022 nostrum
555 982 672 1023 sensum
686 967 717 1024 et
730 965 934 1041 cogitationem
948 985 1034 1026 exsu-

67 1083 194 1142 perans,
211 1065 287 1142 quod
300 1083 353 1124 nec
367 1063 469 1134 oculus
482 1064 559 1125 vidit
578 1083 632 1125 nec
652 1065 730 1126 auris
744 1065 868 1140 audivit.
885 1069 935 1129 dec.
978 1067 1036 1128 Sed

69 1165 146 1224 haec
159 1165 194 1224 de
207 1164 255 1224 his
269 1165 422 1225 sufficiant.

121 1264 300 1343 25.‡Dicitur
309 1265 416 1342 quinto,
433 1269 452 1300 ‘⁶
462 1283 554 1342 capax
564 1265 699 1326 eliciendi
712 1286 798 1345 opera
807 1265 954 1327 meritoria
966 1265 1036 1328 vitm

73 1369 226 1430 asternoe.''
269 1371 316 1428 Ita
329 1368 406 1428 enim
428 1369 522 1445 gratia
544 1371 727 1430 sanctificans
741 1371 873 1432 elevatet
887 1371 1038 1450 dignifieat

72 1467 238 1543 hominem,
261 1472 297 1528 ut
316 1469 418 1546 positis
440 1469 505 1528 aliis
525 1469 698 1546 quibusdam
712 1470 936 1545 conditionibus,
951 1489 1037 1549 opera

74 1568 146 1645 ejus
169 1568 321 1646 premium
342 1568 419 1628 illud
442 1588 509 1630 vere
523 1574 553 1630 et
565 1570 681 1648 proprie
703 1574 852 1647 mereant;
873 1573 960 1649 prout
977 1570 1036 1632 late

76 1669 275 1743 enarrabitur,
291 1671 320 1731 d.
338 1674 384 1730 12.

121 1776 170 1831 26.
189 1771 275 1832 Serto
292 1773 416 1850 denique
435 1771 549 1846 dicitur,
575 1773 790 1852 “ejusdemque
804 1772 887 1852 (vita
906 1774 1036 1852 eternae)

76 1870 205 1932 haeres.”
245 1872 265 1931 J
267 1891 299 1930 us
313 1873 367 1931 hoc
386 1871 564 1933 haereditatis
574 1873 706 1951 sequitur
720 1894 757 1934 ex
771 1873 926 1952 adoptione
940 1891 991 1933 seu
1004 1872 1037 1932 in

78 1991 116 2054 ea
131 1970 298 2043 includitur,
315 1971 472 2030 secundum
492 1973 582 2031 verba
596 1973 626 2032 S.
641 1973 736 2046 Pauli,
752 1992 849 2050 supra,
864 1991 894 2033 n.
910 1977 957 2044 20,
982 1976 1002 2008 “
1012 1973 1039 2032 ei

77 2071 171 2147 filius,
195 2075 222 2129 et
241 2070 360 2130 haeres.’'
401 2071 481 2131 Hinc
503 2072 565 2150 ipsc
589 2075 682 2132 status
702 2073 836 2150 justitia,
860 2071 884 2132 si
907 2072 992 2131 homo
1005 2070 1037 2131 in

79 2171 139 2230 isto
161 2175 241 2230 statu
262 2171 410 2241 morietur,
430 2191 483 2248 per
506 2190 536 2231 se
560 2177 590 2230 et
614 2172 737 2249 seposito
762 2171 866 2232 merito
893 2172 1036 2232 bonorum

80 2285 210 2344 operum,
226 2268 276 2326 dat
285 2267 336 2344 jus
349 2268 386 2326 ad
399 2268 520 2343 gloriam
539 2271 575 2327 ut
594 2268 793 2328 hereditatam
807 2287 814 2328 ε
836 2268 942 2328 sivero
956 2287 1035 2328 acce·

82 2368 135 2426 dat
160 2366 296 2427 meritum
322 2369 464 2427 bonorum
491 2385 617 2444 operum,
647 2367 753 2426 exinde
776 2367 900 2426 habetur
923 2366 976 2445 jus
998 2367 1036 2426 ad

82 2473 269 2543 augmentum
279 2468 358 2526 illius
371 2468 469 2545 gloriae
482 2487 533 2545 par
541 2467 658 2527 modum
669 2465 774 2527 meriti.
816 2466 897 2526 Hinc
909 2466 1036 2526 infantes

84 2567 224 2644 baptizati
249 2571 317 2628 ante
337 2587 423 2626 usum
440 2567 560 2628 rationis
581 2570 720 2645 adeptum
737 2566 897 2642 morientes
912 2565 1034 2642 gloriam

85 2669 145 2727 solo
155 2668 222 2746 jure
235 2669 660 2729 haereditatisnansciscuntur:
683 2668 743 2726 vid.
759 2668 787 2726 d.
807 2670 853 2738 12,
868 2685 898 2725 n.
916 2667 964 2727 76.

126 2769 193 2827 ⁴⁵27.
216 2768 318 2828 Hisde
330 2775 435 2827 natura
458 2769 558 2845 gratiae
579 2766 787 2828 sanctificantis
801 2764 960 2845 (expositis,
976 2783 1037 2824 ma-

86 2872 156 2928 nent
170 2871 344 2946 questiones
357 2871 487 2947 quaedam
500 2870 628 2929 breviter
641 2869 796 2928 solvendae.
842 2865 982 2937 Quertter
999 2866 1038 2939 1⁰,

87 2971 195 3028 Utrum
210 2971 303 3045 gratie
315 2971 378 3029 haec
399 2975 429 3030 et
453 2970 579 3029 charitas
600 2970 660 3029 sint
682 2970 761 3027 idem
774 2987 895 3027 numero
909 2966 1037 3038 habitus,

86 3075 116 3130 et
128 3071 190 3130 ideo
204 3073 295 3130 altera
313 3073 349 3131 ab
373 3072 462 3130 altera
483 3090 541 3130 non
565 3070 702 3130 distincta
723 3069 762 3130 sit
781 3069 840 3128 nisi
854 3067 1039 3134 virtualiter:

87 3191 123 3230 an
147 3161 214 3232 vero
242 3173 302 3232 sint
328 3175 385 3232 duo
411 3172 529 3232 habitus
555 3172 672 3232 realiter
697 3169 849 3230 distincti?
900 3171 982 3244 neap.
1000 3168 1040 3227 10·

88 3273 201 3331 Certum
215 3279 259 3332 est
270 3275 333 3332 haec
355 3274 412 3332 duo
433 3273 465 3331 in
483 3273 620 3348 praesenti
642 3272 742 3330 ordine
762 3288 875 3346 semper
890 3267 1038 3345 conjungi,

86 3392 136 3431 nec
149 3373 268 3432 alteram
283 3375 317 3432 ab
332 3374 424 3434 altera
437 3375 498 3432 ullo
511 3391 641 3449 unquam
652 3389 721 3430 casu
731 3373 892 3446 separatam
906 3367 1041 3434 existere,

89 3472 128 3530 2⁰.
149 3473 266 3533 Certum
281 3479 324 3532 est
337 3475 470 3533 habitum
484 3475 586 3550 gratiae
599 3491 661 3530 esse
674 3471 791 3529 realiter
814 3467 990 3544 distinctum
1004 3465 1040 3525 ab

88 3572 231 3632 habitibus
245 3575 314 3632 fidei
339 3583 368 3636 et
389 3574 469 3652 spei:
493 3573 526 3632 hi
547 3571 624 3631 enim
639 3570 701 3630 eine
715 3569 768 3628 illo
782 3568 884 3628 hateri
904 3569 1037 3645 possunt,

89 3676 117 3736 et
137 3691 211 3753 saepe
229 3675 382 3753 habentur,
407 3695 520 3754 nempe,
542 3673 574 3732 in
594 3672 730 3733 fidelibus
742 3669 951 3751 peccatoribus.
994 3666 1037 3732 3⁰.
