2430 4304
133 391 196 472 256
490 381 546 452 Dc
563 379 693 452 Gratata.
894 381 994 472 [erse.
1011 403 1086 454 viu.

131 555 244 616 nutriat
256 553 314 614 nisi
327 553 519 613 manducetur
531 557 562 613 et
572 553 734 630 trajiciatur
747 551 779 611 in
793 552 990 613 stomachum:
1012 554 1088 614 sient
1198 575 1199 652 j

132 656 226 734 passio
246 655 355 716 Christi
374 655 482 714 dicitur
502 654 645 714 sufficiens
658 655 695 712 ad
715 653 848 727 salutem,
863 653 933 714 lieet
946 658 982 713 ut
995 655 1087 715 salvet
1198 657 1199 664 ’

132 761 200 816 actu
211 755 315 816 debeat
328 755 405 814 ultra
417 753 574 832 applicari:
596 757 626 813 et
640 752 776 813 similiter
792 753 829 813 ds
841 752 978 831 pluribus
990 753 1089 814 aliis.”

134 855 204 932 Peg.
220 859 289 914 aro.

175 955 223 1015 57.
244 955 329 1034 Resp.
343 955 370 1014 1.
393 952 467 1032 (vid.
481 951 567 1026 infra,
583 973 613 1013 n.
629 953 691 1031 64).
733 952 815 1020 Quod
832 972 928 1031 snpra,
944 972 976 1013 n.
991 957 1039 1025 51,
1053 953 1089 1014 de
1199 1007 1200 1014 ,

134 1054 192 1115 alia
206 1054 393 1115 distinctione
413 1052 477 1112 dixi
495 1063 527 1112 et
539 1052 575 1112 de
587 1053 642 1112 hae
655 1053 841 1112 distinctione
862 1071 938 1130 aegre
959 1057 1090 1130 repetere

134 1154 242 1230 adigor.
282 1153 320 1213 Id
340 1152 417 1212 enim
443 1152 572 1226 definite,
595 1152 627 1211 in
652 1171 712 1230 quo
738 1152 939 1212 contendimus
964 1152 1088 1229 gratiam

133 1253 321 1324 sufficientem
336 1251 542 1312 Themisticam
562 1271 620 1310 non
634 1271 695 1312 esse
707 1269 774 1311 vere
787 1251 986 1324 sufficientem,
1002 1251 1092 1312 estin

134 1354 245 1412 ratione
266 1352 418 1430 potentiae,
433 1371 482 1410 seu
497 1351 595 1429 potins
617 1352 649 1410 in
672 1351 783 1411 ratione
805 1351 911 1410 auxilii
934 1371 993 1430 quo
1008 1353 1096 1411 datur

134 1453 272 1532 potentia.
314 1451 453 1529 Exempli
466 1452 577 1528 gratia3
601 1472 647 1512 me
659 1453 708 1512 hic
721 1457 752 1512 et
764 1473 844 1512 nnnc
863 1453 983 1530 impetit
995 1452 1096 1530 gravis

135 1553 266 1614 tentatio.
300 1554 396 1613 Datur
408 1552 482 1611 mihi
492 1553 585 1629 gratia
595 1553 738 1612 sufficiens
749 1553 785 1612 ad
795 1553 935 1612 orandum
946 1553 1095 1614 auxilinm

133 1653 267 1713 divinum
288 1659 324 1713 ut
337 1653 526 1713 tentationem
540 1653 736 1730 comprimam.
776 1653 835 1712 Vel
855 1652 908 1712 illa
930 1653 1027 1729 gratia
1049 1659 1097 1716 est
1201 1725 1202 1732 ἵ

134 1755 256 1832 physica
269 1754 531 1832 pradeterminans,
542 1755 591 1814 vel
604 1774 672 1814 non.
707 1753 741 1814 Si
754 1753 881 1832 primum
894 1753 985 1827 dicas,
999 1755 1098 1831 gratia

135 1873 194 1914 non
207 1859 252 1915 est
264 1874 342 1915 mere
361 1854 505 1914 sufficiens
524 1855 574 1914 sed
594 1855 704 1927 efficax,
720 1859 750 1914 et
763 1873 830 1914 cum
850 1873 884 1913 ea
903 1873 964 1913 non
977 1873 1097 1931 possum

134 1975 193 2015 non
206 1975 302 2027 orare;
323 1955 347 2015 si
360 1957 527 2030 secundum,
544 1955 639 2032 gratia
652 1959 697 2017 est
710 1975 788 2016 mere
809 1954 963 2030 sufficiens,
980 1959 1012 2016 et
1025 1975 1095 2016 eum

138 2074 243 2114 canon
256 2075 373 2133 possum
388 2075 476 2116 orare.

177 2158 228 2215 68:
250 2155 338 2232 Urpot
355 2157 439 2216 Brun.
461 2155 635 2233 respondens
657 2156 694 2215 ad
715 2153 915 2232 quaestionem,
941 2153 1097 2222 Quomodo

133 2254 201 2334 jure
224 2255 355 2315 damnari
376 2261 472 2334 potest
493 2256 553 2332 qui,
577 2275 636 2315 non
657 2257 767 2316 habens
793 2256 917 2333 gratiam
940 2257 1096 2331 efficacem,

137 2361 316 2434 praeceptum
335 2355 449 2415 violat?
491 2355 653 2415 “Habenti
674 2355 817 2414 auxilinm
839 2354 984 2415 sufficiens
1007 2356 1098 2416 dene·

138 2461 224 2532 gater
250 2457 351 2517 efficax
375 2460 492 2534 propter
513 2456 629 2532 culpam
656 2455 894 2515 concomitantem
917 2458 948 2516 et
968 2475 1099 2532 praesens

137 2554 377 2632 impedimentum
391 2557 468 2633 quod
481 2555 616 2633 apponit;
640 2559 783 2632 quatenns
796 2555 916 2627 seilicet,
932 2573 1000 2614 cum
1016 2557 1099 2615 Deus

138 2655 177 2714 sit
189 2661 318 2731 paratus,
338 2661 482 2732 quantum
503 2655 534 2713 in
559 2674 589 2714 se
603 2660 657 2725 est,
672 2655 739 2714 dare
763 2654 897 2714 omnibus
919 2653 1044 2729 gratiam
1068 2659 1099 2713 et

138 2755 327 2814 sufficientem
348 2761 378 2814 et
392 2756 542 2826 efficacem,
558 2759 588 2813 et
601 2754 696 2830 gratia
715 2755 858 2814 sufficiens
872 2773 911 2814 ex
924 2759 1031 2813 natura
1044 2773 1098 2813 sua

138 2859 169 2913 et
181 2855 334 2914 voluntale
347 2854 404 2913 Dei
416 2854 605 2914 antecedente
624 2854 774 2914 ordinetur
790 2854 827 2912 ad
841 2853 993 2926 efficacem,
1008 2853 1097 2912 homo

137 2959 215 3017 mala
236 2959 386 3018 voluntate
407 2959 496 3019 libere
515 2978 705 3038 prorumpens
727 2960 876 3020 inactum
895 2957 1098 3018 inordinatum

137 3057 247 3117 resistit
259 3058 360 3134 gratiae
375 3058 537 3131 sufficienti,
548 3059 627 3120 sistit
639 3060 703 3138 ejus
713 3079 839 3132 cursum,
852 3062 882 3120 et
891 3058 974 3137 ponit
983 3059 1098 3119 obicem

138 3157 240 3234 gratiae
254 3158 370 3231 efficaci,
385 3159 518 3237 ponendo
531 3162 627 3218 actum
642 3159 904 3238 incompossibilem
918 3177 985 3218 oum
999 3159 1053 3219 illa
1067 3163 1098 3219 et

138 3275 204 3316 cnm
219 3261 285 3318 actu
299 3259 338 3318 ad
352 3277 438 3336 qnam
451 3263 580 3318 moveret
593 3259 619 3317 si
632 3259 773 3321 adesset.”
813 3260 884 3335 Peg.
898 3263 967 3318 218.

177 3360 226 3415 59.
249 3359 333 3434 Raap.
354 3359 441 3418 Hanc
463 3357 676 3435 responsionem
698 3365 728 3418 et
749 3359 910 3436 simplicem
933 3362 964 3417 et
986 3358 1096 3418 claram

137 3460 222 3515 vocal
234 3463 343 3532 auctor,
359 3459 455 3535 qualis
467 3457 541 3516 mihi
553 3457 657 3535 ntique
671 3477 729 3518 non
743 3463 796 3520 est.
831 3457 983 3524 Quantum
994 3477 1097 3535 capere

136 3571 263 3628 possum,
292 3557 372 3615 Deus
398 3561 518 3632 paratus
552 3562 597 3616 est
622 3557 746 3633 gratiam
776 3557 919 3618 efficacem
950 3558 1095 3631 omnibns,

140 3656 262 3725 urgente
273 3659 427 3730 praecepto,
443 3655 568 3732 elargiri.
609 3658 643 3716 Si
656 3657 744 3718 alicui
756 3676 815 3718 non
827 3657 994 3736 elargiatur,
1010 3675 1096 3719 causa
1126 3737 1131 3744 ⁵
