2410 4314
197 417 238 482 68
572 415 627 484 De
644 413 774 484 Gratia.
993 417 1100 507 [mar.
1115 441 1155 486 ιιι.
1185 429 1186 438 ’

196 581 341 650 credendi,
361 583 409 642 vel
431 582 464 641 in
488 582 628 643 desiderio
650 583 763 658 salutis,
784 583 833 646 vel
853 585 887 645 in
909 585 1016 664 aliqua
1038 587 1156 646 humana

196 683 334 754 oratione,
352 683 399 742 vel
423 683 481 742 alia
494 683 585 742 simiil
597 684 758 762 diligentia,
774 686 970 764 inquisitione
984 695 1045 749 aut
1057 687 1155 760 labore,

195 787 231 843 ut
244 783 370 842 sumitur
383 801 421 842 ex
435 782 577 861 Epistolis
589 784 699 846 Hilarii
708 793 738 848 et
746 787 882 865 Prosperi
891 787 928 847 ed
939 789 1155 866 Augustinum,

195 887 284 944 etex
308 881 408 942 eodem
427 883 604 960 Augustino,
624 885 699 946 libro
723 885 759 946 de
782 885 1054 949 Praedestinatione
1079 890 1156 950 Sano-
1186 869 1187 872 Ἴ

197 982 325 1043 torum.”
367 983 489 1057 Sonam,
506 984 566 1044 l..o.

237 1088 286 1144 2³.
303 1083 344 1142 1⁰.
355 1083 412 1144 Per
424 1080 544 1144 initium
553 1085 647 1164 operis
657 1105 715 1146 non
725 1086 931 1164 significabant
938 1094 1066 1165 partem
1076 1090 1158 1168 ipsius

197 1181 299 1259 operis,
312 1181 362 1242 sed
375 1201 566 1268 quaeoumque
579 1203 652 1262 opus
664 1184 857 1262 praeeedentia
870 1183 908 1245 ad
921 1187 1026 1264 ipsum
1041 1189 1157 1266 positive

198 1283 364 1362 disponunt,
381 1303 431 1345 seu
445 1303 569 1363 quorum
581 1284 694 1344 intuitu
708 1289 738 1346 et
751 1284 852 1345 merito
866 1285 1063 1364 aliquantulo
1079 1288 1157 1346 datur

197 1385 292 1461 gratis
305 1385 341 1445 ad
353 1383 450 1464 ipsum
461 1403 534 1464 opus
542 1384 717 1465 ponendum,
728 1390 764 1446 ut
771 1391 841 1445 aunt
854 1386 955 1460 oratio,
968 1386 1155 1458 desiderium,

199 1489 248 1546 &a
289 1487 330 1548 Et
347 1486 483 1566 quoniam
502 1487 624 1566 quaestio
639 1487 698 1548 fuit
710 1485 838 1548 maxime
851 1487 887 1548 da
906 1487 997 1549 initio
1016 1489 1101 1563 ndei,
1115 1507 1156 1567 per

196 1584 1154 1668 {lintelliguntureeomniequae,postrevelationempntefaotam

197 1686 228 1746 in
242 1687 394 1750 intelleotu
407 1693 437 1750 et
449 1688 599 1750 voluntate
612 1688 709 1767 ipsum
722 1691 819 1749 sotum
829 1687 898 1748 fidei
906 1689 1076 1750 necessario
1085 1697 1156 1749 ante·

198 1788 314 1863 aedunt,
326 1787 373 1850 ie.
384 1786 508 1868 positive
521 1787 681 1868 disponunt
691 1790 727 1851 ari
741 1794 839 1851 aetum
847 1786 951 1849 illum:
968 1788 1084 1850 ethaeo
1097 1793 1157 1849 sunt

194 1887 341 1966 judicium
364 1887 574 1964 eredibilitatis‚
590 1890 727 1952 voluntas
748 1889 885 1952 trudendi
905 1895 937 1951 et
957 1889 1154 1952 excitationi

198 1993 367 2068 utrumque.
417 1989 489 2058 Quae
517 2009 583 2050 oum
609 1995 720 2052 natura
747 1991 858 2052 viribus
883 1995 1051 2069 ponuntur,
1076 1991 1156 2051 datur

198 2084 296 2150 eorum
311 2089 423 2151 intuitu
436 2089 531 2168 gratia
543 2091 579 2151 ed
592 2091 688 2170 ipsum
702 2096 800 2152 aetum
812 2089 881 2152 fidei
894 2089 1090 2152 eliciendum.

239 2195 287 2249 24.
326 2188 463 2250 2⁰:Dixi
493 2189 626 2252 “merito
653 2189 828 2270 aliquantulo
837 2189 869 2251 .·'’
896 2209 957 2250 nou
984 2189 1069 2250 enim
1097 2210 1154 2250 oum

198 2289 365 2368 Pelagianis
391 2290 607 2351 affirmabant
597 2311 630 2350 ιιι
654 2293 789 2369 operibus
811 2289 998 2351 naturalibus
1019 2290 1155 2351 maritum

198 2391 312 2469 propria
326 2391 436 2452 dietum
450 2411 501 2451 seu
522 2391 558 2451 de
571 2389 722 2468 condigno,
738 2392 788 2452 sed
801 2395 916 2452 tantum
930 2391 967 2450 da
981 2409 1117 2468 oongrno
1132 2397 1155 2449 et
1190 2373 1191 2442 l

197 2492 355 2568 exiguum.
380 2491 435 2552 hoo
459 2491 562 2552 saltem
584 2491 763 2569 probabilius
785 2497 839 2553 est
881 2491 1006 2562 Sutura,
1031 2511 1060 2550 o.
1077 2491 1107 2565 6,
1130 2511 1153 2549 ιι.

198 2595 246 2664 ³9,
262 2596 310 2652 41.

238 2691 286 2750 25.
302 2689 345 2749 ³0.
360 2690 426 2750 litu
435 2709 502 2750 oum
512 2687 675 2767 Pelagrams
684 2690 828 2767 negabant
838 2688 1042 2750 necessitatem
1057 2690 1155 2767 gratia

197 2789 395 2868 inspirationis
414 2803 469 2852 'seu
489 2789 650 2851 voluntatis
667 2789 705 2850 ud
726 2789 846 2851 initium
867 2787 948 2862 fidei,
963 2789 1153 2860 admiserunt,

199 2890 302 2951 saltem
326 2889 491 2968 aliquando,
515 2891 637 2968 gratiam
664 2889 869 2951 illustrationis
892 2907 944 2950 seu
970 2887 1154 2952 intellectus:

198 2989 298 3050 sedan
318 2987 383 3066 ejus
395 2987 596 3050 necessitatem
609 2989 786 3065 admiserint,
802 2994 833 3052 et
848 3005 1010 3069 quousque,
1026 2993 1155 3052 statuam

196 3108 255 3150 non
275 3107 403 3168 possum.
440 3088 652 3152 Neoessitutem
672 3089 737 3152 (lieo
758 3091 795 3151 ad
820 3089 941 3152 initium
961 3089 1055 3164 fidei;
1087 3090 1154 3172 quid

196 3189 274 3251 enim
289 3188 431 3250 senserint
443 3189 479 3251 de
492 3188 556 3268 ipso
566 3207 651 3270 opere
664 3190 786 3252 salutari
798 3209 837 3252 ex
851 3190 936 3252 dietis
949 3194 1079 3252 constat.

236 3290 282 3351 26.
301 3289 433 3351 Secundo.
455 3289 554 3368 Hujus
567 3287 670 3351 erroris
682 3289 838 3369 sequelam,
855 3309 906 3352 seu
918 3291 1017 3369 potus
1030 3290 1155 3353 eundem

194 3389 291 3468 ipsum
313 3409 437 3450 errorem
461 3389 518 3450 alio
542 3391 597 3451 rub
619 3395 759 3470 oonooptu
786 3389 976 3470 propositum,
1001 3391 1152 3464 anetam

192 3491 326 3568 negando
339 3490 529 3568 gratuitatem
542 3489 654 3568 mutire.
704 3489 783 3559 Quid
797 3509 865 3552 vero
879 3489 915 3551 da
930 3490 1007 3551 dono
1021 3507 1151 3568 persero

194 3589 297 3652 tantiae
319 3589 467 3652 tenuerint
485 3590 613 3652 suolooo
635 3589 803 3653 ridebitur:
829 3592 856 3652 cl.
877 3596 905 3666 5,
924 3609 955 3652 n.
980 3595 1029 3650 54.
1072 3590 1153 3652 Alios

195 3708 294 3752 eorum
307 3709 417 3754 errores
432 3709 471 3753 ex
483 3690 530 3752 his
549 3692 700 3751 manantes
718 3689 777 3752 rid.
792 3689 872 3770 apud
885 3692 1035 3764 Persona,
1057 3707 1089 3752 ιι.
1107 3693 1151 3748 68.
