2430 4304
166 422 230 524 238
532 417 590 502 De
606 419 738 503 Graiae.
923 414 1023 520 [msa.
1040 439 1108 502 tm.

163 599 224 660 vid.
238 602 354 677 etopus
373 599 410 660 de
432 599 542 676 Gratia,
563 603 586 666 l.
601 608 629 676 5,
645 622 669 662 e.
683 603 716 681 6)
729 601 935 681 :-·“Preprie
957 612 996 677 et,
1020 606 1055 662 ut
1071 601 1112 663 ita

164 699 268 773 diuam,
283 719 323 762 ex
334 699 472 762 inatitute
484 721 537 780 per
549 702 633 763 illem
645 723 745 764 voeem
759 703 944 782 signifieatun
956 704 1044 765 talem
1055 723 1112 764 enee

163 799 315 861 entitatem
327 799 496 879 illamqua
514 803 777 880 praedeterminatie
796 807 927 878 vocatur,
949 808 994 875 ut,
1008 803 1113 883 eulpae

164 899 243 978 qued
255 897 380 960 inheret
391 899 549 974 voluntati,
575 903 637 962 eela
659 921 712 962 auu
724 902 756 963 ni
769 906 800 964 et
812 901 991 982 propnietate
1014 919 1116 961 eenna-

163 1002 253 1064 tureli
275 1001 318 1064 iu
341 1003 501 1066 aomtituat
518 1005 602 1065 illam
624 1006 656 1066 in
680 993 788 1067 ultinno
811 1007 1023 1084 complemento
1036 1009 1115 1065 aetue

162 1103 250 1182 primi
263 1104 300 1164 ad
313 1105 499 1184 operandum,
524 1109 639 1168 utnon
662 1111 721 1168 etet
744 1127 762 1167 a
783 1107 937 1168 voluntate
961 1108 1004 1166 eie
1017 1106 1118 1166 affeetu

163 1205 290 1283 eeparari
315 1209 413 1266 aetum
436 1207 604 1280 seeundum,
630 1207 681 1266 eed
698 1206 908 1284 consequtione
938 1209 969 1266 et
988 1203 1118 1265 illatione

163 1309 280 1370 omnine
300 1308 460 1370 neeeeeeria
482 1313 685 1389 eoueequatnr,
710 1309 781 1370 adeo
800 1314 838 1370 ut
857 1309 992 1387 implicet
1004 1315 1117 1370 eontra·

162 1409 317 1472 diutieuem
336 1409 519 1470 veluntatem
538 1409 571 1470 in
591 1410 645 1470 tali
664 1414 733 1471 autu
745 1409 840 1490 primo
853 1408 1006 1483 constitui,
1021 1413 1052 1470 et
1064 1428 1115 1486 pre

162 1509 261 1570 eedem
287 1508 411 1570 ineunti
434 1529 487 1570 eeu
507 1509 660 1571 duratione
680 1529 777 1571 uenere
806 1514 875 1570 aetu
898 1509 1034 1583 seeundo,
1059 1527 1118 1568 nen

161 1609 259 1670 minue
273 1629 362 1688 quam
380 1615 525 1688 repugnat
546 1629 662 1671 eurrere
685 1615 716 1671 et
734 1629 793 1670 nen
815 1609 936 1683 moveri,
959 1611 1013 1669 eut
1029 1608 1118 1670 aulem

163 1708 332 1772 illuminare
345 1729 448 1784 aenum,
464 1715 495 1771 et
508 1729 601 1771 aerem
615 1729 674 1770 non
687 1709 859 1784 illuminari,
875 1713 928 1770 ant
940 1709 1038 1769 Deum
1048 1713 1117 1770 aetu

164 1823 332 1868 eeneurrere
352 1825 419 1868 eum
431 1807 500 1884 igne
513 1809 549 1868 ad
562 1809 798 1882 calefaciendum,
812 1813 843 1869 et
854 1807 954 1885 ignem
967 1827 1028 1867 nen
1041 1807 1117 1867 eale-

164 1905 268 1966 faeeue.
308 1907 408 1984 Atque
420 1906 483 1967 hau
496 1907 657 1985 proprietas
680 1927 732 1968 eeu
751 1905 1117 1984 eauaalitaepraedetermi·

163 2003 297 2078 nationis,
308 2004 333 2066 ei
346 2023 413 2066 veru
421 2009 473 2080 eat,
482 2006 590 2084 optime
603 2006 784 2084 significatur
792 2005 1118 2084 perillampartieulam

164 2103 328 2182 ‘physicae’
350 2123 418 2194 nam
439 2106 558 2166 denotat
580 2110 673 2168 tetam
692 2107 892 2167 effleaeitatenn
904 2107 1059 2166 eonvenite
1067 2105 1118 2166 illi
1200 2095 1201 2100 ¹

160 2201 455 2280 predeterminationi
466 2224 505 2265 ex
517 2204 675 2266 intrinseca
693 2209 798 2265 natura
811 2225 872 2278 aua,
888 2209 919 2265 et
931 2223 969 2266 ex
981 2205 1014 2265 vi
1027 2205 1118 2266 eeliue

160 2299 290 2364 entitatie
304 2303 393 2365 auoe.”
433 2305 499 2365 Heu
512 2325 584 2383 epua
608 2304 748 2364 Suannan
761 2306 797 2364 de
810 2305 888 2366 Vera
907 2302 1115 2382 intelligentia,

159 2401 294 2478 maxime,
304 2407 339 2465 ut
351 2401 478 2478 videtur,
494 2404 530 2464 ad
544 2423 611 2464 suae
624 2404 783 2466 sententiae
796 2405 832 2464 de
846 2404 941 2481 gratia
959 2404 1115 2465 vindiean-

159 2501 211 2562 dae
234 2503 438 2582 eoueoeiptuna,
462 2503 558 2564 noniai
581 2509 647 2582 poet
661 2508 790 2584 montena¹
804 2503 907 2564 eximii
928 2503 1057 2564 auetoria
1082 2504 1117 2564 in

158 2599 253 2662 luuem
266 2602 377 2664 editum
390 2607 443 2678 eet,
459 2622 505 2663 an.
523 2605 619 2664 1655:
642 2601 716 2664 obiit
728 2605 827 2663 autem
838 2622 886 2663 an.
904 2604 992 2663 1617.

201 2705 247 2763 12.
268 2702 355 2764 Ratio
375 2702 538 2780 theologiae
560 2703 788 2764 fundamentalis
812 2723 870 2781 qua
894 2701 1036 2764 statuitur
1056 2702 1113 2765 hoe

158 2805 284 2878 ayeteme
304 2801 453 2864 derivatur
466 2822 504 2862 ex
518 2821 650 2882 eupremo
672 2802 800 2863 dominio
814 2801 871 2862 Dei
891 2806 921 2863 et
935 2803 1068 2863 absoluta
1082 2811 1114 2864 et

158 2899 303 2960 essentiali
317 2900 510 2978 dependentia
523 2903 653 2963 omnium
667 2905 863 2963 ereaturarum
876 2903 913 2961 ab
926 2919 960 2961 eo
972 2900 1006 2960 in
1018 2903 1112 2960 omni·

157 2999 211 3058 bue
225 2997 286 3058 suia
299 2997 531 3075 operationibus:
546 3019 612 3079 qua
625 3000 820 3079 dependentia
833 2999 901 3060 talia
914 3004 967 3073 eat,
979 2999 1112 3060 utnulla

157 3099 287 3158 ereatura
300 3101 395 3176 petest
408 3098 505 3159 ullum
518 3100 656 3162 effaetum
674 3101 841 3179 producere,
857 3099 943 3178 eujus
956 3098 1039 3160 Deua
1051 3117 1111 3159 non

156 3189 201 3258 ee't
212 3197 308 3275 prima
325 3215 412 3258 eauee
424 3215 552 3260 movens.

197 3301 244 3360 1³.
265 3295 1109 3378 Praeeipuaerationestheolegieoequibueimpetiturillud

154 3400 280 3476 eyatema
291 3401 350 3458 tree
364 3400 441 3472 aunt,
456 3408 568 3476 nempe,
590 3399 669 3475 quod
681 3398 846 3460 libertatem
858 3398 1017 3458 humanam
1029 3395 1107 3473 peri·

153 3499 224 3570 mat,
240 3497 318 3574 quod
330 3498 442 3557 nullam
456 3497 579 3574 gratiam
598 3497 656 3556 nisi
674 3498 816 3558 efficacem
828 3515 895 3558 vere
916 3495 1106 3556 sufficientem

154 3595 299 3665 admittat,
314 3599 343 3656 et
356 3597 435 3673 quod
448 3597 544 3656 Deum
557 3595 646 3655 faeiat
658 3599 806 3657 auctorem
818 3593 938 3674 peceati.

196 3695 241 3753 14.
262 3692 424 3754 Goneureue
437 3693 653 3755 Themistamm
673 3713 827 3756 eoneuraue
834 3694 961 3774 praeite
973 3695 1103 3758 ventur.
