<?xml version="1.0" encoding="UTF-8"?>
<!DOCTYPE html PUBLIC "-//W3C//DTD XHTML 1.0 Transitional//EN"
    "http://www.w3.org/TR/xhtml1/DTD/xhtml1-transitional.dtd">
<html xmlns="http://www.w3.org/1999/xhtml" xml:lang="en" lang="en">
 <head>
  <title>
</title>
<meta http-equiv="Content-Type" content="text/html;charset=utf-8" />
  <meta name='ocr-system' content='tesseract 3.04.00' />
  <meta name='ocr-capabilities' content='ocr_page ocr_carea ocr_par ocr_line ocrx_word'/>
</head>
<body>
  <div class='ocr_page' id='page_1' title='image "./tractatusdegrat00murrgoog_0092.png"; bbox 0 0 2410 4314; ppageno 0'>
   <div class='ocr_carea' id='block_1_1' title="bbox 69 397 1014 488">
    <p class='ocr_par' dir='ltr' id='par_1_1' title="bbox 69 397 1014 488">
     <span class='ocr_line' id='line_1_1' title="bbox 69 397 1014 488; baseline -0.004 -23"><span class='ocrx_word' id='word_1_1' title='bbox 69 421 150 466; x_wconf 84' lang='lat' dir='ltr'><strong>nrsr.</strong></span> <span class='ocrx_word' id='word_1_2' title='bbox 167 400 237 488; x_wconf 74' lang='lat' dir='ltr'><strong>nr]</strong></span> <span class='ocrx_word' id='word_1_3' title='bbox 283 399 339 464; x_wconf 88' lang='lat' dir='ltr'><strong>De</strong></span> <span class='ocrx_word' id='word_1_4' title='bbox 357 398 477 464; x_wconf 69' lang='lat' dir='ltr'><strong>Gratata</strong></span> <span class='ocrx_word' id='word_1_5' title='bbox 492 398 651 465; x_wconf 77' lang='lat' dir='ltr'><em>elevante:</em></span> <span class='ocrx_word' id='word_1_6' title='bbox 671 397 821 483; x_wconf 68' lang='lat' dir='ltr'><strong>posticae.</strong></span> <span class='ocrx_word' id='word_1_7' title='bbox 976 415 1014 480; x_wconf 90' lang='lat'><strong>77</strong></span> 
     </span>
    </p>
   </div>
   <div class='ocr_carea' id='block_1_2' title="bbox 69 565 1017 661">
    <p class='ocr_par' dir='ltr' id='par_1_2' title="bbox 69 565 1017 661">
     <span class='ocr_line' id='line_1_2' title="bbox 69 565 1017 661; baseline 0.002 -21"><span class='ocrx_word' id='word_1_8' title='bbox 69 610 191 661; x_wconf 69' lang='grc' dir='ltr'><strong>χαριτος,</strong></span> <span class='ocrx_word' id='word_1_9' title='bbox 219 591 300 644; x_wconf 85' lang='grc' dir='ltr'>ουδεν</span> <span class='ocrx_word' id='word_1_10' title='bbox 326 565 444 641; x_wconf 76' lang='grc' dir='ltr'><strong>δυνιιταιΙ</strong></span> <span class='ocrx_word' id='word_1_11' title='bbox 469 589 646 658; x_wconf 73' lang='grc' dir='ltr'>κατορθωσαι</span> <span class='ocrx_word' id='word_1_12' title='bbox 667 607 724 639; x_wconf 81' lang='grc' dir='ltr'><strong>των</strong></span> <span class='ocrx_word' id='word_1_13' title='bbox 738 587 861 657; x_wconf 67' lang='lat' dir='ltr'><strong>aquiiae.</strong></span> <span class='ocrx_word' id='word_1_14' title='bbox 905 583 1017 642; x_wconf 76' lang='lat' dir='ltr'><strong>“Dona</strong></span> 
     </span>
    </p>
   </div>
   <div class='ocr_carea' id='block_1_3' title="bbox 57 681 1017 1842">
    <p class='ocr_par' dir='ltr' id='par_1_3' title="bbox 63 681 1017 1059">
     <span class='ocr_line' id='line_1_3' title="bbox 66 681 1015 762; baseline -0.004 -17"><span class='ocrx_word' id='word_1_15' title='bbox 66 687 120 746; x_wconf 91' lang='lat' dir='ltr'><strong>Dei</strong></span> <span class='ocrx_word' id='word_1_16' title='bbox 132 687 255 760; x_wconf 88' lang='lat' dir='ltr'><strong>vocavit,</strong></span> <span class='ocrx_word' id='word_1_17' title='bbox 271 694 301 746; x_wconf 91' lang='lat' dir='ltr'><strong>et</strong></span> <span class='ocrx_word' id='word_1_18' title='bbox 312 685 467 746; x_wconf 81' lang='lat' dir='ltr'><strong>credidisse</strong></span> <span class='ocrx_word' id='word_1_19' title='bbox 487 689 518 744; x_wconf 90' lang='lat' dir='ltr'><strong>et</strong></span> <span class='ocrx_word' id='word_1_20' title='bbox 531 685 681 762; x_wconf 91' lang='lat' dir='ltr'><strong>splendide</strong></span> <span class='ocrx_word' id='word_1_21' title='bbox 694 684 861 756; x_wconf 79' lang='lat' dir='ltr'><strong>decertasse,</strong></span> <span class='ocrx_word' id='word_1_22' title='bbox 873 701 931 741; x_wconf 93' lang='lat' dir='ltr'><strong>non</strong></span> <span class='ocrx_word' id='word_1_23' title='bbox 945 681 1015 742; x_wconf 90' lang='lat' dir='ltr'><strong>libe-</strong></span> 
     </span>
     <span class='ocr_line' id='line_1_4' title="bbox 65 782 1017 859; baseline 0 -18"><span class='ocrx_word' id='word_1_24' title='bbox 65 804 128 844; x_wconf 90' lang='lat' dir='ltr'><strong>rum</strong></span> <span class='ocrx_word' id='word_1_25' title='bbox 142 786 247 847; x_wconf 86' lang='lat' dir='ltr'><strong>tollens</strong></span> <span class='ocrx_word' id='word_1_26' title='bbox 270 785 360 846; x_wconf 88' lang='lat' dir='ltr'><strong>animi</strong></span> <span class='ocrx_word' id='word_1_27' title='bbox 373 784 534 857; x_wconf 82' lang='lat' dir='ltr'>arbitrium,</span> <span class='ocrx_word' id='word_1_28' title='bbox 560 784 611 843; x_wconf 88' lang='lat' dir='ltr'><strong>sed</strong></span> <span class='ocrx_word' id='word_1_29' title='bbox 632 784 735 844; x_wconf 89' lang='lat' dir='ltr'><strong>docens</strong></span> <span class='ocrx_word' id='word_1_30' title='bbox 755 782 833 859; x_wconf 91' lang='lat' dir='ltr'><strong>quod</strong></span> <span class='ocrx_word' id='word_1_31' title='bbox 846 782 908 859; x_wconf 88' lang='lat' dir='ltr'><strong>ipsa</strong></span> <span class='ocrx_word' id='word_1_32' title='bbox 921 801 972 858; x_wconf 92' lang='lat' dir='ltr'><strong>per</strong></span> <span class='ocrx_word' id='word_1_33' title='bbox 986 801 1017 841; x_wconf 87' lang='lat' dir='ltr'><strong>so</strong></span> 
     </span>
     <span class='ocr_line' id='line_1_5' title="bbox 64 881 1016 961; baseline -0.003 -18"><span class='ocrx_word' id='word_1_34' title='bbox 64 903 144 944; x_wconf 89' lang='lat' dir='ltr'><strong>mens</strong></span> <span class='ocrx_word' id='word_1_35' title='bbox 157 890 208 946; x_wconf 88' lang='lat' dir='ltr'><strong>aut</strong></span> <span class='ocrx_word' id='word_1_36' title='bbox 220 886 364 959; x_wconf 85' lang='lat' dir='ltr'><strong>voluntas,</strong></span> <span class='ocrx_word' id='word_1_37' title='bbox 380 884 475 961; x_wconf 83' lang='lat' dir='ltr'><strong>gratia</strong></span> <span class='ocrx_word' id='word_1_38' title='bbox 488 885 636 957; x_wconf 84' lang='lat' dir='ltr'><strong>destituta,</strong></span> <span class='ocrx_word' id='word_1_39' title='bbox 659 883 735 942; x_wconf 87' lang='lat' dir='ltr'>nihil</span> <span class='ocrx_word' id='word_1_40' title='bbox 754 881 823 942; x_wconf 93' lang='lat' dir='ltr'><strong>boni</strong></span> <span class='ocrx_word' id='word_1_41' title='bbox 836 881 927 959; x_wconf 78' lang='lat' dir='ltr'><strong>possit</strong></span> <span class='ocrx_word' id='word_1_42' title='bbox 939 886 1016 940; x_wconf 88' lang='lat' dir='ltr'><strong>recte</strong></span> 
     </span>
     <span class='ocr_line' id='line_1_6' title="bbox 63 982 974 1059; baseline -0.001 -18"><span class='ocrx_word' id='word_1_43' title='bbox 63 983 185 1046; x_wconf 87' lang='lat' dir='ltr'><strong>facere.&#39;&#39;</strong></span> <span class='ocrx_word' id='word_1_44' title='bbox 226 986 440 1044; x_wconf 80' lang='lat' dir='ltr'><strong>Tarononnrrrs</strong></span> <span class='ocrx_word' id='word_1_45' title='bbox 456 986 612 1056; x_wconf 80' lang='lat' dir='ltr'><strong>Crenrsrs,</strong></span> <span class='ocrx_word' id='word_1_46' title='bbox 628 983 797 1059; x_wconf 89' lang='lat' dir='ltr'><strong>inPhilipp.</strong></span> <span class='ocrx_word' id='word_1_47' title='bbox 812 982 845 1041; x_wconf 87' lang='lat' dir='ltr'><strong>ii.</strong></span> <span class='ocrx_word' id='word_1_48' title='bbox 860 987 908 1054; x_wconf 82' lang='lat'><strong>29,</strong></span> <span class='ocrx_word' id='word_1_49' title='bbox 926 987 974 1040; x_wconf 74' lang='lat'><strong>³0.</strong></span> 
     </span>
    </p>

    <p class='ocr_par' dir='ltr' id='par_1_4' title="bbox 57 1080 1017 1842">
     <span class='ocr_line' id='line_1_7' title="bbox 101 1080 1017 1162; baseline -0.003 -20"><span class='ocrx_word' id='word_1_50' title='bbox 101 1086 150 1145; x_wconf 81' lang='lat'><strong>47.</strong></span> <span class='ocrx_word' id='word_1_51' title='bbox 173 1089 193 1118; x_wconf 87' lang='lat'><strong>“</strong></span> <span class='ocrx_word' id='word_1_52' title='bbox 202 1085 271 1162; x_wconf 88' lang='lat' dir='ltr'><strong>Ipse</strong></span> <span class='ocrx_word' id='word_1_53' title='bbox 285 1087 319 1144; x_wconf 91' lang='lat' dir='ltr'><strong>ut</strong></span> <span class='ocrx_word' id='word_1_54' title='bbox 331 1083 457 1143; x_wconf 87' lang='lat' dir='ltr'><strong>velimus</strong></span> <span class='ocrx_word' id='word_1_55' title='bbox 471 1087 606 1160; x_wconf 86' lang='lat' dir='ltr'><strong>operatur</strong></span> <span class='ocrx_word' id='word_1_56' title='bbox 618 1081 771 1158; x_wconf 81' lang='lat' dir='ltr'><strong>incipiens,</strong></span> <span class='ocrx_word' id='word_1_57' title='bbox 787 1080 839 1158; x_wconf 93' lang='lat' dir='ltr'><strong>qui</strong></span> <span class='ocrx_word' id='word_1_58' title='bbox 852 1081 1017 1142; x_wconf 79' lang='lat' dir='ltr'><strong>volantibus</strong></span> 
     </span>
     <span class='ocr_line' id='line_1_8' title="bbox 61 1180 1012 1262; baseline -0.001 -22"><span class='ocrx_word' id='word_1_59' title='bbox 61 1188 230 1261; x_wconf 86' lang='lat' dir='ltr'><strong>cooperatur</strong></span> <span class='ocrx_word' id='word_1_60' title='bbox 238 1183 391 1262; x_wconf 87' lang='lat' dir='ltr'><strong>perficiens</strong></span> <span class='ocrx_word' id='word_1_61' title='bbox 393 1227 497 1243; x_wconf 90' lang='grc'><strong>.....</strong></span> <span class='ocrx_word' id='word_1_62' title='bbox 511 1183 554 1242; x_wconf 90' lang='lat' dir='ltr'><strong>Ut</strong></span> <span class='ocrx_word' id='word_1_63' title='bbox 568 1182 690 1241; x_wconf 88' lang='lat' dir='ltr'><strong>velimus</strong></span> <span class='ocrx_word' id='word_1_64' title='bbox 699 1180 761 1241; x_wconf 87' lang='lat' dir='ltr'><strong>sine</strong></span> <span class='ocrx_word' id='word_1_65' title='bbox 771 1181 854 1241; x_wconf 90' lang='lat' dir='ltr'><strong>nobis</strong></span> <span class='ocrx_word' id='word_1_66' title='bbox 863 1183 1012 1258; x_wconf 88' lang='lat' dir='ltr'><strong>operatur:</strong></span> 
     </span>
     <span class='ocr_line' id='line_1_9' title="bbox 60 1281 1014 1354; baseline -0.002 -14"><span class='ocrx_word' id='word_1_67' title='bbox 60 1301 126 1341; x_wconf 91' lang='lat' dir='ltr'><strong>cum</strong></span> <span class='ocrx_word' id='word_1_68' title='bbox 140 1289 237 1344; x_wconf 89' lang='lat' dir='ltr'><strong>autem</strong></span> <span class='ocrx_word' id='word_1_69' title='bbox 251 1284 395 1353; x_wconf 85' lang='lat' dir='ltr'><strong>volumus,</strong></span> <span class='ocrx_word' id='word_1_70' title='bbox 411 1289 441 1342; x_wconf 90' lang='lat' dir='ltr'><strong>et</strong></span> <span class='ocrx_word' id='word_1_71' title='bbox 454 1283 495 1341; x_wconf 90' lang='lat' dir='ltr'><strong>sic</strong></span> <span class='ocrx_word' id='word_1_72' title='bbox 509 1282 645 1342; x_wconf 88' lang='lat' dir='ltr'><strong>volumus</strong></span> <span class='ocrx_word' id='word_1_73' title='bbox 658 1285 694 1341; x_wconf 91' lang='lat' dir='ltr'><strong>ut</strong></span> <span class='ocrx_word' id='word_1_74' title='bbox 703 1282 851 1354; x_wconf 89' lang='lat' dir='ltr'><strong>faciamus,</strong></span> <span class='ocrx_word' id='word_1_75' title='bbox 866 1281 1014 1340; x_wconf 90' lang='lat' dir='ltr'><strong>nobiscum</strong></span> 
     </span>
     <span class='ocr_line' id='line_1_10' title="bbox 59 1379 1015 1460; baseline -0.003 -20"><span class='ocrx_word' id='word_1_76' title='bbox 59 1386 235 1460; x_wconf 88' lang='lat' dir='ltr'><strong>cooperatur.</strong></span> <span class='ocrx_word' id='word_1_77' title='bbox 278 1385 387 1442; x_wconf 85' lang='lat' dir='ltr'><strong>Tamen</strong></span> <span class='ocrx_word' id='word_1_78' title='bbox 403 1382 464 1442; x_wconf 89' lang='lat' dir='ltr'><strong>sine</strong></span> <span class='ocrx_word' id='word_1_79' title='bbox 477 1382 538 1455; x_wconf 92' lang='lat' dir='ltr'><strong>illo,</strong></span> <span class='ocrx_word' id='word_1_80' title='bbox 554 1382 603 1441; x_wconf 88' lang='lat' dir='ltr'><strong>vel</strong></span> <span class='ocrx_word' id='word_1_81' title='bbox 616 1385 754 1459; x_wconf 74' lang='lat' dir='ltr'><strong>operante</strong></span> <span class='ocrx_word' id='word_1_82' title='bbox 767 1386 802 1440; x_wconf 86' lang='lat' dir='ltr'><strong>ut</strong></span> <span class='ocrx_word' id='word_1_83' title='bbox 815 1380 949 1452; x_wconf 87' lang='lat' dir='ltr'><strong>velimus,</strong></span> <span class='ocrx_word' id='word_1_84' title='bbox 966 1379 1015 1438; x_wconf 86' lang='lat' dir='ltr'><strong>vel</strong></span> 
     </span>
     <span class='ocr_line' id='line_1_11' title="bbox 58 1479 1013 1560; baseline -0.002 -21"><span class='ocrx_word' id='word_1_85' title='bbox 58 1488 229 1560; x_wconf 73' lang='lat' dir='ltr'><strong>cooperante</strong></span> <span class='ocrx_word' id='word_1_86' title='bbox 243 1503 309 1543; x_wconf 92' lang='lat' dir='ltr'><strong>cum</strong></span> <span class='ocrx_word' id='word_1_87' title='bbox 322 1482 466 1556; x_wconf 76' lang='lat' dir='ltr'><strong>volumus,</strong></span> <span class='ocrx_word' id='word_1_88' title='bbox 484 1482 521 1540; x_wconf 93' lang='lat' dir='ltr'><strong>ad</strong></span> <span class='ocrx_word' id='word_1_89' title='bbox 533 1483 609 1541; x_wconf 91' lang='lat' dir='ltr'><strong>bona</strong></span> <span class='ocrx_word' id='word_1_90' title='bbox 621 1481 739 1558; x_wconf 85' lang='lat' dir='ltr'><strong>pietatis</strong></span> <span class='ocrx_word' id='word_1_91' title='bbox 749 1500 835 1558; x_wconf 89' lang='lat' dir='ltr'><strong>opera</strong></span> <span class='ocrx_word' id='word_1_92' title='bbox 847 1479 924 1538; x_wconf 92' lang='lat' dir='ltr'><strong>nihil</strong></span> <span class='ocrx_word' id='word_1_93' title='bbox 936 1479 1013 1538; x_wconf 87' lang='lat' dir='ltr'><strong>valc-</strong></span> 
     </span>
     <span class='ocr_line' id='line_1_12' title="bbox 57 1577 1011 1655; baseline -0.003 -16"><span class='ocrx_word' id='word_1_94' title='bbox 57 1582 154 1641; x_wconf 84' lang='lat' dir='ltr'><strong>mus.”</strong></span> <span class='ocrx_word' id='word_1_95' title='bbox 196 1585 227 1642; x_wconf 89' lang='lat' dir='ltr'><strong>S.</strong></span> <span class='ocrx_word' id='word_1_96' title='bbox 242 1584 443 1655; x_wconf 79' lang='lat' dir='ltr'><strong>Aususrruus,</strong></span> <span class='ocrx_word' id='word_1_97' title='bbox 459 1583 495 1641; x_wconf 87' lang='lat' dir='ltr'><strong>de</strong></span> <span class='ocrx_word' id='word_1_98' title='bbox 508 1581 609 1642; x_wconf 82' lang='lat' dir='ltr'><strong>Gratia</strong></span> <span class='ocrx_word' id='word_1_99' title='bbox 623 1585 653 1640; x_wconf 91' lang='lat' dir='ltr'><strong>et</strong></span> <span class='ocrx_word' id='word_1_100' title='bbox 662 1581 766 1640; x_wconf 91' lang='lat' dir='ltr'><strong>Libero</strong></span> <span class='ocrx_word' id='word_1_101' title='bbox 776 1577 916 1651; x_wconf 79' lang='lat' dir='ltr'><strong>Arbitrio,</strong></span> <span class='ocrx_word' id='word_1_102' title='bbox 929 1597 953 1636; x_wconf 91' lang='lat' dir='ltr'><strong>c.</strong></span> <span class='ocrx_word' id='word_1_103' title='bbox 966 1577 1011 1636; x_wconf 82' lang='lat'><strong>17.</strong></span> 
     </span>
     <span class='ocr_line' id='line_1_13' title="bbox 57 1677 1014 1759; baseline -0.003 -20"><span class='ocrx_word' id='word_1_104' title='bbox 57 1680 106 1740; x_wconf 88' lang='lat' dir='ltr'><strong>Ita</strong></span> <span class='ocrx_word' id='word_1_105' title='bbox 126 1682 205 1742; x_wconf 89' lang='lat' dir='ltr'><strong>idem</strong></span> <span class='ocrx_word' id='word_1_106' title='bbox 229 1703 351 1759; x_wconf 86' lang='lat' dir='ltr'><strong>magnus</strong></span> <span class='ocrx_word' id='word_1_107' title='bbox 365 1682 400 1740; x_wconf 92' lang='lat' dir='ltr'><strong>de</strong></span> <span class='ocrx_word' id='word_1_108' title='bbox 415 1682 508 1757; x_wconf 84' lang='lat' dir='ltr'><strong>gratia</strong></span> <span class='ocrx_word' id='word_1_109' title='bbox 522 1681 630 1740; x_wconf 90' lang='lat' dir='ltr'><strong>Doctor</strong></span> <span class='ocrx_word' id='word_1_110' title='bbox 641 1681 673 1739; x_wconf 91' lang='lat' dir='ltr'><strong>in</strong></span> <span class='ocrx_word' id='word_1_111' title='bbox 688 1679 752 1739; x_wconf 91' lang='lat' dir='ltr'><strong>aliis</strong></span> <span class='ocrx_word' id='word_1_112' title='bbox 765 1679 836 1739; x_wconf 91' lang='lat' dir='ltr'><strong>locis</strong></span> <span class='ocrx_word' id='word_1_113' title='bbox 848 1677 965 1756; x_wconf 90' lang='lat' dir='ltr'><strong>passim,</strong></span> <span class='ocrx_word' id='word_1_114' title='bbox 984 1682 1014 1736; x_wconf 86' lang='lat' dir='ltr'><strong>et</strong></span> 
     </span>
     <span class='ocr_line' id='line_1_14' title="bbox 58 1774 885 1842; baseline -0.001 -3"><span class='ocrx_word' id='word_1_115' title='bbox 58 1781 148 1842; x_wconf 91' lang='lat' dir='ltr'><strong>ceteri</strong></span> <span class='ocrx_word' id='word_1_116' title='bbox 162 1783 264 1842; x_wconf 89' lang='lat' dir='ltr'><strong>Patres</strong></span> <span class='ocrx_word' id='word_1_117' title='bbox 277 1782 437 1841; x_wconf 88' lang='lat' dir='ltr'><strong>unanimes.</strong></span> <span class='ocrx_word' id='word_1_118' title='bbox 880 1774 885 1784; x_wconf 84' lang='grc'>’</span> 
     </span>
    </p>
   </div>
   <div class='ocr_carea' id='block_1_4' title="bbox 34 1977 1012 3757">
    <p class='ocr_par' dir='ltr' id='par_1_5' title="bbox 34 1977 1012 3757">
     <span class='ocr_line' id='line_1_15' title="bbox 96 1977 1011 2057; baseline -0.005 -15"><span class='ocrx_word' id='word_1_119' title='bbox 96 1988 147 2042; x_wconf 88' lang='grc'><strong>48.</strong></span> <span class='ocrx_word' id='word_1_120' title='bbox 169 1981 313 2041; x_wconf 82' lang='lat' dir='ltr'><strong>Probatur</strong></span> <span class='ocrx_word' id='word_1_121' title='bbox 336 1979 487 2057; x_wconf 87' lang='lat' dir='ltr'><strong>Proposito</strong></span> <span class='ocrx_word' id='word_1_122' title='bbox 519 1999 557 2039; x_wconf 89' lang='lat' dir='ltr'><strong>ex</strong></span> <span class='ocrx_word' id='word_1_123' title='bbox 588 1979 698 2038; x_wconf 75' lang='lat' dir='ltr'><strong>ratione</strong></span> <span class='ocrx_word' id='word_1_124' title='bbox 723 1979 881 2056; x_wconf 73' lang='lat' dir='ltr'><strong>theolopc&#39;ca.</strong></span> <span class='ocrx_word' id='word_1_125' title='bbox 931 1977 1011 2055; x_wconf 91' lang='lat' dir='ltr'><strong>Opus</strong></span> 
     </span>
     <span class='ocr_line' id='line_1_16' title="bbox 54 2078 1008 2158; baseline -0.005 -18"><span class='ocrx_word' id='word_1_126' title='bbox 54 2082 183 2142; x_wconf 89' lang='lat' dir='ltr'><strong>salutare</strong></span> <span class='ocrx_word' id='word_1_127' title='bbox 196 2090 241 2141; x_wconf 84' lang='lat' dir='ltr'><strong>ast</strong></span> <span class='ocrx_word' id='word_1_128' title='bbox 254 2099 327 2158; x_wconf 84' lang='lat' dir='ltr'><strong>opus</strong></span> <span class='ocrx_word' id='word_1_129' title='bbox 349 2078 497 2139; x_wconf 91' lang='lat' dir='ltr'><strong>hominem</strong></span> <span class='ocrx_word' id='word_1_130' title='bbox 520 2079 645 2156; x_wconf 83' lang='lat' dir='ltr'><strong>positive</strong></span> <span class='ocrx_word' id='word_1_131' title='bbox 668 2079 823 2156; x_wconf 88' lang='lat' dir='ltr'><strong>disponens</strong></span> <span class='ocrx_word' id='word_1_132' title='bbox 843 2083 873 2138; x_wconf 89' lang='lat' dir='ltr'><strong>et</strong></span> <span class='ocrx_word' id='word_1_133' title='bbox 892 2078 1008 2150; x_wconf 87' lang='lat' dir='ltr'><strong>ducens,</strong></span> 
     </span>
     <span class='ocr_line' id='line_1_17' title="bbox 55 2178 1011 2256; baseline -0.006 -16"><span class='ocrx_word' id='word_1_134' title='bbox 55 2180 118 2241; x_wconf 80' lang='lat' dir='ltr'><strong>sire</strong></span> <span class='ocrx_word' id='word_1_135' title='bbox 132 2183 243 2240; x_wconf 82' lang='lat' dir='ltr'><strong>remote</strong></span> <span class='ocrx_word' id='word_1_136' title='bbox 255 2181 316 2238; x_wconf 83' lang='lat' dir='ltr'><strong>sive</strong></span> <span class='ocrx_word' id='word_1_137' title='bbox 330 2179 471 2256; x_wconf 83' lang='lat' dir='ltr'><strong>proxime,</strong></span> <span class='ocrx_word' id='word_1_138' title='bbox 487 2179 525 2237; x_wconf 92' lang='lat' dir='ltr'><strong>ad</strong></span> <span class='ocrx_word' id='word_1_139' title='bbox 539 2178 724 2238; x_wconf 85' lang='lat' dir='ltr'><strong>sanctitatem</strong></span> <span class='ocrx_word' id='word_1_140' title='bbox 737 2178 945 2256; x_wconf 78' lang='lat' dir='ltr'><strong>assequendam</strong></span> <span class='ocrx_word' id='word_1_141' title='bbox 960 2180 1011 2235; x_wconf 88' lang='lat' dir='ltr'><strong>aut</strong></span> 
     </span>
     <span class='ocr_line' id='line_1_18' title="bbox 54 2278 1009 2356; baseline -0.006 -18"><span class='ocrx_word' id='word_1_142' title='bbox 54 2281 229 2356; x_wconf 87' lang='lat' dir='ltr'><strong>augendam,</strong></span> <span class='ocrx_word' id='word_1_143' title='bbox 245 2284 284 2351; x_wconf 91' lang='lat' dir='ltr'><strong>et,</strong></span> <span class='ocrx_word' id='word_1_144' title='bbox 300 2279 325 2337; x_wconf 91' lang='lat' dir='ltr'><strong>si</strong></span> <span class='ocrx_word' id='word_1_145' title='bbox 339 2279 370 2337; x_wconf 93' lang='lat' dir='ltr'><strong>in</strong></span> <span class='ocrx_word' id='word_1_146' title='bbox 383 2280 437 2338; x_wconf 92' lang='lat' dir='ltr'><strong>hoc</strong></span> <span class='ocrx_word' id='word_1_147' title='bbox 452 2283 531 2338; x_wconf 88' lang='lat' dir='ltr'><strong>statu</strong></span> <span class='ocrx_word' id='word_1_148' title='bbox 552 2278 702 2350; x_wconf 89' lang='lat' dir='ltr'><strong>moriatur,</strong></span> <span class='ocrx_word' id='word_1_149' title='bbox 718 2279 859 2338; x_wconf 87' lang='lat' dir='ltr'><strong>advitam</strong></span> <span class='ocrx_word' id='word_1_150' title='bbox 874 2279 1009 2337; x_wconf 79' lang='lat' dir='ltr'><strong>aeternari</strong></span> 
     </span>
     <span class='ocr_line' id='line_1_19' title="bbox 52 2377 1010 2457; baseline -0.003 -21"><span class='ocrx_word' id='word_1_151' title='bbox 52 2378 225 2438; x_wconf 87' lang='lat' dir='ltr'><strong>habendam.</strong></span> <span class='ocrx_word' id='word_1_152' title='bbox 266 2379 373 2449; x_wconf 90' lang='lat' dir='ltr'><strong>Primo,</strong></span> <span class='ocrx_word' id='word_1_153' title='bbox 389 2399 440 2457; x_wconf 91' lang='lat' dir='ltr'><strong>per</strong></span> <span class='ocrx_word' id='word_1_154' title='bbox 454 2399 539 2455; x_wconf 90' lang='lat' dir='ltr'><strong>opera</strong></span> <span class='ocrx_word' id='word_1_155' title='bbox 553 2379 694 2438; x_wconf 89' lang='lat' dir='ltr'><strong>salutaria</strong></span> <span class='ocrx_word' id='word_1_156' title='bbox 707 2379 791 2437; x_wconf 93' lang='lat' dir='ltr'><strong>homo</strong></span> <span class='ocrx_word' id='word_1_157' title='bbox 806 2377 980 2437; x_wconf 83' lang='lat' dir='ltr'><strong>transfertur</strong></span> <span class='ocrx_word' id='word_1_158' title='bbox 994 2398 1010 2434; x_wconf 88' lang='lat' dir='ltr'><strong>a</strong></span> 
     </span>
     <span class='ocr_line' id='line_1_20' title="bbox 51 2456 1010 2554; baseline 0.001 -21"><span class='ocrx_word' id='word_1_159' title='bbox 51 2480 136 2537; x_wconf 89' lang='lat' dir='ltr'><strong>statu</strong></span> <span class='ocrx_word' id='word_1_160' title='bbox 151 2477 273 2554; x_wconf 90' lang='lat' dir='ltr'><strong>peccati,</strong></span> <span class='ocrx_word' id='word_1_161' title='bbox 296 2477 328 2534; x_wconf 90' lang='lat' dir='ltr'><strong>in</strong></span> <span class='ocrx_word' id='word_1_162' title='bbox 352 2497 409 2554; x_wconf 91' lang='lat' dir='ltr'><strong>quo</strong></span> <span class='ocrx_word' id='word_1_163' title='bbox 429 2478 540 2537; x_wconf 90' lang='lat' dir='ltr'><strong>alienus</strong></span> <span class='ocrx_word' id='word_1_164' title='bbox 562 2483 624 2537; x_wconf 86' lang='lat' dir='ltr'><strong>erat</strong></span> <span class='ocrx_word' id='word_1_165' title='bbox 648 2479 731 2537; x_wconf 91' lang='lat' dir='ltr'><strong>adeo</strong></span> <span class='ocrx_word' id='word_1_166' title='bbox 756 2484 786 2536; x_wconf 91' lang='lat' dir='ltr'><strong>et</strong></span> <span class='ocrx_word' id='word_1_167' title='bbox 805 2456 884 2536; x_wconf 76' lang='lat' dir='ltr'><strong>filius</strong></span> <span class='ocrx_word' id='word_1_168' title='bbox 897 2477 957 2549; x_wconf 84' lang='lat' dir='ltr'><strong>ir&#39;ae,</strong></span> <span class='ocrx_word' id='word_1_169' title='bbox 974 2477 1010 2534; x_wconf 91' lang='lat' dir='ltr'><strong>ad</strong></span> 
     </span>
     <span class='ocr_line' id='line_1_21' title="bbox 50 2576 1011 2655; baseline -0.001 -21"><span class='ocrx_word' id='word_1_170' title='bbox 50 2581 164 2637; x_wconf 87' lang='lat' dir='ltr'><strong>statum</strong></span> <span class='ocrx_word' id='word_1_171' title='bbox 177 2576 360 2636; x_wconf 74' lang='lat' dir='ltr'><strong>innocentia.</strong></span> <span class='ocrx_word' id='word_1_172' title='bbox 403 2579 468 2648; x_wconf 89' lang='lat' dir='ltr'><strong>Sed,</strong></span> <span class='ocrx_word' id='word_1_173' title='bbox 495 2583 531 2638; x_wconf 90' lang='lat' dir='ltr'><strong>ut</strong></span> <span class='ocrx_word' id='word_1_174' title='bbox 552 2579 597 2636; x_wconf 87' lang='lat' dir='ltr'><strong>vis</strong></span> <span class='ocrx_word' id='word_1_175' title='bbox 618 2579 708 2655; x_wconf 89' lang='lat' dir='ltr'><strong>hujus</strong></span> <span class='ocrx_word' id='word_1_176' title='bbox 728 2577 893 2653; x_wconf 87' lang='lat' dir='ltr'><strong>argumenti</strong></span> <span class='ocrx_word' id='word_1_177' title='bbox 906 2577 1011 2636; x_wconf 86' lang='lat' dir='ltr'><strong>elarius</strong></span> 
     </span>
     <span class='ocr_line' id='line_1_22' title="bbox 48 2666 1010 2754; baseline -0.002 -18"><span class='ocrx_word' id='word_1_178' title='bbox 48 2675 256 2754; x_wconf 87' lang='lat' dir='ltr'><strong>perspiciatur,</strong></span> <span class='ocrx_word' id='word_1_179' title='bbox 281 2666 422 2752; x_wconf 84' lang='lat' dir='ltr'><strong>ponamus</strong></span> <span class='ocrx_word' id='word_1_180' title='bbox 449 2683 612 2736; x_wconf 86' lang='lat' dir='ltr'><strong>creaturam</strong></span> <span class='ocrx_word' id='word_1_181' title='bbox 633 2697 745 2754; x_wconf 89' lang='lat' dir='ltr'><strong>puram,</strong></span> <span class='ocrx_word' id='word_1_182' title='bbox 769 2677 830 2736; x_wconf 87' lang='lat' dir='ltr'><strong>sive</strong></span> <span class='ocrx_word' id='word_1_183' title='bbox 853 2677 1010 2736; x_wconf 90' lang='lat' dir='ltr'><strong>humanam</strong></span> 
     </span>
     <span class='ocr_line' id='line_1_23' title="bbox 49 2775 1011 2854; baseline -0.001 -20"><span class='ocrx_word' id='word_1_184' title='bbox 49 2775 112 2836; x_wconf 87' lang='lat' dir='ltr'><strong>sive</strong></span> <span class='ocrx_word' id='word_1_185' title='bbox 126 2775 289 2852; x_wconf 82' lang='lat' dir='ltr'><strong>angelicam</strong></span> <span class='ocrx_word' id='word_1_186' title='bbox 304 2776 365 2835; x_wconf 83' lang='lat' dir='ltr'><strong>sire</strong></span> <span class='ocrx_word' id='word_1_187' title='bbox 380 2795 595 2853; x_wconf 83' lang='lat' dir='ltr'><strong>quamcumque</strong></span> <span class='ocrx_word' id='word_1_188' title='bbox 615 2776 703 2834; x_wconf 87' lang='lat' dir='ltr'><strong>aliam</strong></span> <span class='ocrx_word' id='word_1_189' title='bbox 722 2776 897 2854; x_wconf 89' lang='lat' dir='ltr'><strong>possibilem,</strong></span> <span class='ocrx_word' id='word_1_190' title='bbox 913 2775 945 2834; x_wconf 91' lang='lat' dir='ltr'><strong>in</strong></span> <span class='ocrx_word' id='word_1_191' title='bbox 959 2795 1011 2834; x_wconf 88' lang='lat' dir='ltr'><strong>sua</strong></span> 
     </span>
     <span class='ocr_line' id='line_1_24' title="bbox 47 2874 1011 2952; baseline 0.001 -20"><span class='ocrx_word' id='word_1_192' title='bbox 47 2893 125 2950; x_wconf 89' lang='lat' dir='ltr'><strong>pura</strong></span> <span class='ocrx_word' id='word_1_193' title='bbox 151 2878 181 2933; x_wconf 88' lang='lat' dir='ltr'><strong>et</strong></span> <span class='ocrx_word' id='word_1_194' title='bbox 204 2893 271 2950; x_wconf 82' lang='lat' dir='ltr'><strong>ergo</strong></span> <span class='ocrx_word' id='word_1_195' title='bbox 295 2874 444 2934; x_wconf 89' lang='lat' dir='ltr'><strong>innocenti</strong></span> <span class='ocrx_word' id='word_1_196' title='bbox 468 2887 573 2934; x_wconf 75' lang='lat' dir='ltr'><strong>natura</strong></span> <span class='ocrx_word' id='word_1_197' title='bbox 607 2875 790 2948; x_wconf 84' lang='lat' dir='ltr'><strong>existentem,</strong></span> <span class='ocrx_word' id='word_1_198' title='bbox 823 2874 1011 2952; x_wconf 84' lang='lat' dir='ltr'><strong>quantumvis</strong></span> 
     </span>
     <span class='ocr_line' id='line_1_25' title="bbox 47 2973 1010 3050; baseline 0.003 -19"><span class='ocrx_word' id='word_1_199' title='bbox 47 2973 300 3034; x_wconf 86' lang='lat' dir='ltr'><strong>excellentissima</strong></span> <span class='ocrx_word' id='word_1_200' title='bbox 310 2978 340 3033; x_wconf 92' lang='lat' dir='ltr'><strong>et</strong></span> <span class='ocrx_word' id='word_1_201' title='bbox 353 2973 514 3050; x_wconf 87' lang='lat' dir='ltr'><strong>omnigenis</strong></span> <span class='ocrx_word' id='word_1_202' title='bbox 528 2975 644 3034; x_wconf 91' lang='lat' dir='ltr'><strong>dotibus</strong></span> <span class='ocrx_word' id='word_1_203' title='bbox 657 2979 687 3034; x_wconf 88' lang='lat' dir='ltr'><strong>et</strong></span> <span class='ocrx_word' id='word_1_204' title='bbox 700 2975 889 3034; x_wconf 86' lang='lat' dir='ltr'><strong>facultatibus</strong></span> <span class='ocrx_word' id='word_1_205' title='bbox 903 2981 1010 3034; x_wconf 85' lang='lat' dir='ltr'><strong>ornata</strong></span> 
     </span>
     <span class='ocr_line' id='line_1_26' title="bbox 46 3073 1010 3152; baseline 0.002 -20"><span class='ocrx_word' id='word_1_206' title='bbox 46 3074 105 3133; x_wconf 88' lang='lat' dir='ltr'><strong>Per</strong></span> <span class='ocrx_word' id='word_1_207' title='bbox 119 3093 208 3150; x_wconf 90' lang='lat' dir='ltr'><strong>opera</strong></span> <span class='ocrx_word' id='word_1_208' title='bbox 221 3073 360 3133; x_wconf 86' lang='lat' dir='ltr'><strong>salutaria</strong></span> <span class='ocrx_word' id='word_1_209' title='bbox 374 3074 538 3152; x_wconf 89' lang='lat' dir='ltr'><strong>disponitur</strong></span> <span class='ocrx_word' id='word_1_210' title='bbox 551 3079 587 3135; x_wconf 91' lang='lat' dir='ltr'><strong>ut</strong></span> <span class='ocrx_word' id='word_1_211' title='bbox 602 3076 742 3150; x_wconf 82' lang='lat' dir='ltr'><strong>elevetur,</strong></span> <span class='ocrx_word' id='word_1_212' title='bbox 756 3079 786 3135; x_wconf 93' lang='lat' dir='ltr'><strong>et</strong></span> <span class='ocrx_word' id='word_1_213' title='bbox 799 3076 903 3135; x_wconf 91' lang='lat' dir='ltr'><strong>ultimo</strong></span> <span class='ocrx_word' id='word_1_214' title='bbox 917 3077 1010 3136; x_wconf 83' lang='lat' dir='ltr'><strong>eleva·</strong></span> 
     </span>
     <span class='ocr_line' id='line_1_27' title="bbox 45 3171 1009 3253; baseline 0.001 -22"><span class='ocrx_word' id='word_1_215' title='bbox 45 3174 145 3232; x_wconf 90' lang='lat' dir='ltr'><strong>turin</strong></span> <span class='ocrx_word' id='word_1_216' title='bbox 158 3171 216 3245; x_wconf 80' lang='lat' dir='ltr'><strong>via,</strong></span> <span class='ocrx_word' id='word_1_217' title='bbox 232 3174 269 3232; x_wconf 88' lang='lat' dir='ltr'><strong>ad</strong></span> <span class='ocrx_word' id='word_1_218' title='bbox 283 3177 392 3234; x_wconf 86' lang='lat' dir='ltr'><strong>statum</strong></span> <span class='ocrx_word' id='word_1_219' title='bbox 413 3175 543 3234; x_wconf 79' lang='lat' dir='ltr'><strong>illumin</strong></span> <span class='ocrx_word' id='word_1_220' title='bbox 558 3196 616 3253; x_wconf 91' lang='lat' dir='ltr'><strong>quo</strong></span> <span class='ocrx_word' id='word_1_221' title='bbox 629 3177 664 3234; x_wconf 90' lang='lat' dir='ltr'><strong>fit</strong></span> <span class='ocrx_word' id='word_1_222' title='bbox 679 3176 758 3235; x_wconf 88' lang='lat' dir='ltr'><strong>filius</strong></span> <span class='ocrx_word' id='word_1_223' title='bbox 772 3177 929 3253; x_wconf 84' lang='lat' dir='ltr'><strong>adoptivus</strong></span> <span class='ocrx_word' id='word_1_224' title='bbox 944 3174 1009 3245; x_wconf 87' lang='lat' dir='ltr'><strong>Dei,</strong></span> 
     </span>
     <span class='ocr_line' id='line_1_28' title="bbox 45 3272 1011 3352; baseline 0.003 -23"><span class='ocrx_word' id='word_1_225' title='bbox 45 3272 144 3332; x_wconf 84' lang='lat' dir='ltr'><strong>haerss</strong></span> <span class='ocrx_word' id='word_1_226' title='bbox 157 3272 240 3348; x_wconf 85' lang='lat' dir='ltr'><strong>regni</strong></span> <span class='ocrx_word' id='word_1_227' title='bbox 253 3272 319 3345; x_wconf 91' lang='lat' dir='ltr'><strong>Dei,</strong></span> <span class='ocrx_word' id='word_1_228' title='bbox 332 3274 479 3351; x_wconf 87' lang='lat' dir='ltr'><strong>particeps</strong></span> <span class='ocrx_word' id='word_1_229' title='bbox 501 3275 628 3352; x_wconf 79' lang='lat' dir='ltr'><strong>Spiritus</strong></span> <span class='ocrx_word' id='word_1_230' title='bbox 650 3275 759 3348; x_wconf 83' lang='lat' dir='ltr'><strong>Sancti,</strong></span> <span class='ocrx_word' id='word_1_231' title='bbox 776 3294 890 3334; x_wconf 86' lang='lat' dir='ltr'><strong>consors</strong></span> <span class='ocrx_word' id='word_1_232' title='bbox 903 3273 1011 3332; x_wconf 70' lang='lat' dir='ltr'><strong>divinae</strong></span> 
     </span>
     <span class='ocr_line' id='line_1_29' title="bbox 44 3359 1012 3458; baseline 0.001 -22"><span class='ocrx_word' id='word_1_233' title='bbox 44 3382 184 3437; x_wconf 84' lang='lat' dir='ltr'><strong>naturae:</strong></span> <span class='ocrx_word' id='word_1_234' title='bbox 207 3381 315 3458; x_wconf 80' lang='lat' dir='ltr'><strong>etpost</strong></span> <span class='ocrx_word' id='word_1_235' title='bbox 334 3378 412 3437; x_wconf 88' lang='lat' dir='ltr'><strong>viam</strong></span> <span class='ocrx_word' id='word_1_236' title='bbox 426 3380 457 3438; x_wconf 93' lang='lat' dir='ltr'><strong>in</strong></span> <span class='ocrx_word' id='word_1_237' title='bbox 471 3381 573 3457; x_wconf 87' lang='lat' dir='ltr'><strong>patris,</strong></span> <span class='ocrx_word' id='word_1_238' title='bbox 590 3381 637 3440; x_wconf 92' lang='lat' dir='ltr'><strong>his</strong></span> <span class='ocrx_word' id='word_1_239' title='bbox 658 3382 792 3441; x_wconf 91' lang='lat' dir='ltr'><strong>omnibus</strong></span> <span class='ocrx_word' id='word_1_240' title='bbox 807 3359 1012 3440; x_wconf 83' lang='lat' dir='ltr'><strong>consummatis</strong></span> 
     </span>
     <span class='ocr_line' id='line_1_30' title="bbox 43 3478 1012 3554; baseline 0.001 -18"><span class='ocrx_word' id='word_1_241' title='bbox 43 3483 76 3537; x_wconf 85' lang='lat' dir='ltr'><strong>at</strong></span> <span class='ocrx_word' id='word_1_242' title='bbox 89 3478 126 3536; x_wconf 87' lang='lat' dir='ltr'><strong>iu</strong></span> <span class='ocrx_word' id='word_1_243' title='bbox 142 3480 283 3536; x_wconf 77' lang='lat' dir='ltr'><strong>aternum</strong></span> <span class='ocrx_word' id='word_1_244' title='bbox 300 3478 447 3552; x_wconf 83' lang='lat' dir='ltr'><strong>stabilitis,</strong></span> <span class='ocrx_word' id='word_1_245' title='bbox 464 3481 569 3554; x_wconf 90' lang='lat' dir='ltr'><strong>Deum,</strong></span> <span class='ocrx_word' id='word_1_246' title='bbox 593 3482 743 3541; x_wconf 87' lang='lat' dir='ltr'><strong>infinitum</strong></span> <span class='ocrx_word' id='word_1_247' title='bbox 756 3481 873 3552; x_wconf 90' lang='lat' dir='ltr'><strong>bonum,</strong></span> <span class='ocrx_word' id='word_1_248' title='bbox 889 3481 961 3538; x_wconf 86' lang='lat' dir='ltr'><strong>facie</strong></span> <span class='ocrx_word' id='word_1_249' title='bbox 976 3479 1012 3537; x_wconf 91' lang='lat' dir='ltr'><strong>ad</strong></span> 
     </span>
     <span class='ocr_line' id='line_1_31' title="bbox 42 3577 1009 3659; baseline 0.004 -25"><span class='ocrx_word' id='word_1_250' title='bbox 42 3578 154 3638; x_wconf 81' lang='lat' dir='ltr'><strong>faciem</strong></span> <span class='ocrx_word' id='word_1_251' title='bbox 168 3577 247 3637; x_wconf 89' lang='lat' dir='ltr'><strong>utin</strong></span> <span class='ocrx_word' id='word_1_252' title='bbox 261 3599 291 3639; x_wconf 92' lang='lat' dir='ltr'><strong>se</strong></span> <span class='ocrx_word' id='word_1_253' title='bbox 304 3581 392 3640; x_wconf 88' lang='lat' dir='ltr'><strong>estin</strong></span> <span class='ocrx_word' id='word_1_254' title='bbox 406 3587 561 3659; x_wconf 89' lang='lat' dir='ltr'><strong>perpetuas</strong></span> <span class='ocrx_word' id='word_1_255' title='bbox 584 3582 762 3642; x_wconf 87' lang='lat' dir='ltr'><strong>aeternitates</strong></span> <span class='ocrx_word' id='word_1_256' title='bbox 776 3582 857 3640; x_wconf 90' lang='lat' dir='ltr'><strong>videt</strong></span> <span class='ocrx_word' id='word_1_257' title='bbox 870 3585 901 3640; x_wconf 87' lang='lat' dir='ltr'><strong>et</strong></span> <span class='ocrx_word' id='word_1_258' title='bbox 915 3584 1009 3652; x_wconf 87' lang='lat' dir='ltr'><strong>amat;</strong></span> 
     </span>
     <span class='ocr_line' id='line_1_32' title="bbox 34 3677 1012 3757; baseline 0.002 -21"><span class='ocrx_word' id='word_1_259' title='bbox 34 3677 106 3755; x_wconf 88' lang='lat' dir='ltr'><strong>ipsa</strong></span> <span class='ocrx_word' id='word_1_260' title='bbox 133 3677 317 3739; x_wconf 86' lang='lat' dir='ltr'><strong>beatitudine</strong></span> <span class='ocrx_word' id='word_1_261' title='bbox 343 3699 401 3757; x_wconf 89' lang='lat' dir='ltr'><strong>qua</strong></span> <span class='ocrx_word' id='word_1_262' title='bbox 425 3681 506 3743; x_wconf 89' lang='lat' dir='ltr'><strong>Deus</strong></span> <span class='ocrx_word' id='word_1_263' title='bbox 530 3683 633 3742; x_wconf 85' lang='lat' dir='ltr'><strong>beatus</strong></span> <span class='ocrx_word' id='word_1_264' title='bbox 655 3688 699 3742; x_wconf 89' lang='lat' dir='ltr'><strong>est</strong></span> <span class='ocrx_word' id='word_1_265' title='bbox 721 3683 832 3753; x_wconf 81' lang='lat' dir='ltr'><strong>beata3</strong></span> <span class='ocrx_word' id='word_1_266' title='bbox 853 3681 1012 3740; x_wconf 88' lang='lat' dir='ltr'><strong>arctissime</strong></span> 
     </span>
    </p>
   </div>
   <div class='ocr_carea' id='block_1_5' title="bbox 0 0 1210 4314">
    <p class='ocr_par' dir='ltr' id='par_1_6' title="bbox 0 0 1210 4314">
     <span class='ocr_line' id='line_1_33' title="bbox 0 0 1210 4314; baseline 0 6"><span class='ocrx_word' id='word_1_267' title='bbox 0 0 1210 4314; x_wconf 95' lang='lat' dir='ltr'><strong> </strong></span> 
     </span>
    </p>
   </div>
  </div>
 </body>
</html>
