2410 4314
211 445 254 524 64
590 439 646 508 De
664 439 794 510 Gratia.
999 437 1109 526 [nrsr.
1125 462 1170 508 rn.

210 627 323 687 nempe,
340 607 435 686 legem
447 610 478 669 et
491 607 661 669 doctrinam.
703 609 823 670 Constat
836 629 874 671 ex
889 627 999 671 canone
1014 611 1034 666 4
1051 609 1172 670 concilii

211 707 447 786 carthaginensis
470 711 499 768 et
523 728 560 770 cx
581 708 609 769 S.
625 709 793 786 Augustino
813 708 904 770 variis
923 709 1006 771 locis.
1051 710 1129 787 Legi
1147 717 1171 768 ot

211 808 351 870 doctrine
373 807 547 870 addiderunt
567 808 763 872 remissionem
782 814 974 889 peccatorum,
989 814 1030 871 ut
1050 815 1171 871 testatur

211 908 242 970 S.
256 908 448 987 Augustinus,
464 908 515 970 lib.
531 909 567 969 de
588 908 678 987 gestis
698 910 820 989 Pelagii,
836 931 861 972 c.
878 915 933 985 ³53
954 915 985 971 et
1006 910 1170 972 mmissioni

210 1013 390 1089 peccatorum
418 1009 587 1089 adjecerunt
614 1010 748 1090 exempla
774 1010 893 1073 Christi.
948 1011 1067 1072 Verum
1104 1012 1170 1070 hena

208 1108 290 1186 legis,
306 1109 452 1184 doetrinae,
468 1107 610 1169 virtutum
635 1116 665 1171 et
686 1111 886 1190 exemplorum
908 1110 1022 1173 christi
1046 1112 1169 1189 gratiam

209 1211 349 1272 dixerunt
370 1229 429 1271 non
442 1229 503 1272 esse
517 1210 647 1271 absolute
661 1212 860 1286 necessariam,
877 1211 928 1272 sed
942 1211 1083 1273 sufficere
1103 1213 1168 1272 libe

206 1331 273 1372 rum
287 1309 441 1371 arbitrium
450 1311 486 1370 ad
498 1311 607 1372 bonum
619 1311 745 1372 salutaro
753 1311 899 1389 agendum
910 1313 940 1372 et
949 1311 1067 1370 malum
1077 1311 1167 1372 vitan·

206 1411 286 1485 dum,
302 1417 337 1471 ut
350 1414 464 1471 constat
477 1429 514 1472 ex
528 1411 558 1471 a.
580 1409 758 1488 Augustino,
773 1411 823 1472 lib.
838 1412 875 1472 de
894 1410 990 1489 gratia
1005 1411 1133 1485 Christi,
1146 1433 1165 1471 c.

205 1515 254 1586 41,
277 1511 329 1572 ubi
355 1510 468 1587 Pelagii
491 1509 652 1572 doctrinam
676 1531 824 1590 exponens
847 1513 950 1572 ait:-
972 1555 979 1570 .
1004 1557 1012 1573 .
1038 1555 1046 1570 .
1073 1555 1081 1572 .
1116 1521 1166 1572 ‘nt

204 1611 341 1673 videlicet
354 1615 494 1691 tanquam
506 1611 556 1672 rii
570 1611 765 1672 demonstrati
787 1609 937 1693 [exemplo
953 1610 1100 1694 Christi],
1116 1633 1165 1691 qua

205 1712 353 1772 ambulare
373 1712 537 1784 debeamus,
550 1711 613 1790 jam
633 1711 745 1772 viribus
765 1709 861 1772 liberii
882 1711 1005 1786 arbitrii,
1023 1713 1166 1790 adjutorio

204 1813 286 1872 nullo
300 1810 420 1872 alterius
433 1810 607 1888 indigentes,
617 1811 791 1872 sufficiamus
804 1811 887 1872 nobis
900 1830 937 1872 ne
951 1811 1130 1873 deficiamus
1141 1814 1165 1872 in

204 1911 269 1972 via:
295 1911 428 1990 quamvis
442 1916 472 1972 et
484 1911 578 1990 ipsam
591 1913 670 1972 viam
684 1912 841 1972 contendat
854 1911 944 1972 ctiam
959 1911 1022 1972 solt
1042 1913 1165 1974 inveniri

204 2029 287 2088 posse
300 2015 414 2086 nature,
429 2011 479 2072 sed
486 2011 616 2088 facilius,
633 2011 658 2072 si
672 2012 791 2092 adjuret
810 2010 923 2090 graba!

248 2115 294 2172 15.
325 2117 344 2147 “
357 2111 400 2170 4⁰.
423 2113 551 2180 Quartus
575 2117 605 2173 et
628 2113 751 2173 ultimus
778 2117 873 2173 status
896 2116 942 2174 est
963 2111 1026 2184 ille,
1053 2113 1089 2174 in
1113 2135 1163 2193 quo

205 2210 364 2288 Pelagiani,
388 2218 493 2290 preter
519 2218 703 2290 peccatorum
729 2210 927 2274 remissionem
954 2215 985 2272 et
1011 2217 1164 2275 externam

204 2311 327 2389 gratiam
359 2311 432 2390 legis
459 2317 489 2373 et
516 2311 655 2374 doctrinas
690 2317 777 2391 atque
810 2311 1007 2390 exemplorum
1046 2313 1162 2386 Christi,

205 2410 385 2473 admiserunt
407 2411 529 2490 gratiam
548 2413 693 2473 internam
716 2411 932 2474 illustrationis.
983 2414 1114 2475 Constat
1135 2434 1164 2476 ax

206 2512 235 2573 S.
264 2512 440 2589 Augustino,
469 2513 521 2574 lib.
550 2513 586 2574 de
612 2514 707 2590 gratia
734 2513 853 2588 Christi,
882 2533 907 2572 c.
937 2515 965 2576 7.
993 2557 1002 2573 .
1030 2558 1038 2573 .
1070 2561 1079 2576 .
1111 2517 1164 2578 sed

204 2611 353 2690 Pelagiani
386 2613 532 2673 internam
559 2611 764 2674 illustrationis
791 2611 915 2692 gratiam
948 2633 1016 2674 cum
1053 2616 1165 2695 duplici

203 2731 298 2772 errore
325 2713 473 2774 admisere.
532 2713 609 2774 Nam
639 2714 680 2787 10,
709 2714 843 2776 dicebant
874 2734 938 2775 eum
971 2717 1164 2777 necessariam

202 2832 259 2872 non
279 2832 344 2874 ‘csse
363 2811 420 2872 nisi
443 2794 618 2873 ad'lacilius
640 2813 786 2890 agendum
804 2813 921 2873 bonum.
937 2853 959 2872 ..
992 2858 1000 2875 .
1035 2859 1043 2876 .
1079 2857 1088 2874 .
1123 2815 1161 2876 2⁰.
1192 2831 1193 2876 i

202 2911 346 2972 Dicebant
371 2910 516 2972 internam
542 2913 746 2975 illustrationis
772 2912 896 2990 gratim
924 2913 1054 2974 obtineri
1081 2917 1163 2978 bonis

200 3012 335 3090 operibus
367 3029 444 3072 mere
472 3012 670 3088 naturalibus3
716 3013 794 3074 unde
820 3013 967 3091 negabant
994 3033 1060 3076 asso
1095 3038 1161 3095 gra·
1192 3025 1193 3084 j

202 3109 308 3171 tultam
312 3153 442 3170 .....
770 3129 772 3132 ’

244 3214 290 3270 16.
315 3210 449 3287 “Itaque
464 3209 684 3287 Pelagianorum
697 3231 805 3272 errores
819 3209 894 3271 circa
907 3211 1043 3289 gratiam,
1055 3215 1162 3293 quibus

199 3329 312 3388 semper
332 3309 519 3388 pertinaciter
542 3311 735 3385 adhaeserunt,
749 3311 781 3371 in
805 3331 837 3372 eo
861 3309 1067 3388 consistebant,
1082 3319 1159 3394 quod

198 3413 337 3488 negarent
350 3413 413 3470 tum
427 3409 627 3470 necessitatem
635 3414 699 3471 tum
709 3409 896 3488 gratuitatem
906 3411 1012 3488 gratiae
1025 3414 1157 3490 internae,

198 3509 358 3588 praesertim
392 3509 559 3570 immediate
593 3510 746 3572 afficientis
779 3509 970 3584 voluntatem,
1004 3513 1091 3592 cnjus
1125 3538 1158 3576 ne

197 3610 383 3672 existentiam
411 3609 528 3688 quidem
555 3610 742 3684 admiserunt,
767 3614 820 3669 aut
845 3612 924 3669 certo
951 3613 1069 3674 nonnisi
1092 3637 1156 3677 cum

198 3711 310 3790 duplici
335 3710 389 3771 illa
415 3711 588 3788 corruptela.
633 3711 738 3772 Nullos
765 3727 883 3788 quoque
909 3712 992 3770 actus
1019 3732 1154 3794 superna·
