2410 4314
360 1098 648 1170 DISPUuArro
671 1099 858 1170 TERTIA.

140 1325 190 1376 DE
216 1321 360 1375 NATURA
381 1323 426 1374 ET
445 1321 680 1374 NECESSITATE
702 1310 848 1374 GRATIAE'
867 1324 1074 1378 ELEVANTIS:

518 1409 690 1462 Posrrrvn.

255 1579 271 1663 5
296 1586 321 1645 l.
342 1583 386 1644 Da
399 1585 516 1646 Natura
533 1583 642 1646 Gratia
655 1583 785 1646 Arruntis
797 1583 954 1660 Eterautir,

176 1767 200 1822 l.
223 1761 324 1824 Gratia
344 1761 466 1823 actualia
487 1766 531 1823 eat
554 1760 699 1822 auxilium
722 1759 895 1836 indebitum,
922 1781 974 1840 per
988 1782 1018 1823 se
1032 1783 1084 1824 rau

127 1867 164 1925 ut
175 1863 216 1924 aiu
229 1862 381 1936 transiens,
397 1867 536 1924 creatura
557 1883 574 1922 a
596 1858 656 1924 D'eo
678 1863 780 1922 datum
794 1863 832 1923 ad
843 1883 930 1941 opera
943 1863 1083 1925 salutaria

129 1963 288 2025 efficienda
335 1963 421 2024 Hane
452 1963 577 2040 gratiam
599 1983 660 2024 asae
682 1967 807 2024 creatam
831 1963 908 2042 apud
931 1983 1030 2025 amnas
1050 1963 1083 2025 in

128 2061 412 2126 confessumven‘it:
432 2063 492 2124 imo
513 2063 576 2124 dari
596 2063 721 2141 gratiam
742 2063 885 2125 actualem
898 2055 1032 2139 creatam,
1047 2069 1083 2126 ut

130 2167 256 2229 affirmat
270 2167 391 2240 Suram,
407 2171 427 2203 ⁴‘
438 2165 500 2226 aine
514 2165 601 2226 dubio
615 2172 660 2226 est
672 2167 707 2226 de
720 2166 799 2227 fide”
811 2166 845 2246 (l.
861 2171 889 2242 3,
905 2187 929 2228 e.
945 2169 970 2240 1,
983 2185 1013 2228 u.
1029 2167 1080 2246 8);

130 2265 184 2346 qui
201 2266 310 2328 ibidem
329 2267 390 2328 haea
412 2267 501 2327 habet
512 2271 583 2325 :-“
595 2265 722 2345 Spiritus
746 2267 868 2328 Sanetus
893 2266 965 2345 ipae,
995 2270 1082 2345 prout

129 2362 298 2426 immediate
311 2383 363 2426 noa
376 2363 546 2444 adjuvat'ad
559 2363 774 2442 aliquoaautaa,
789 2362 981 2442 potestatium
995 2363 1081 2424 dano·

128 2465 237 2526 minari
259 2466 402 2527 auxilium
404 2509 533 2527 .....
554 2465 662 2526 Melina
682 2485 750 2526 vero
764 2469 793 2526 et
805 2465 939 2544 proprius
962 2469 1082 2527 vocatur

130 2566 259 2648 Spiritus
271 2570 397 2631 ¹Sanetus
410 2569 528 2647 adjutor
541 2573 648 2640 notter,
664 2586 751 2646 quaur
771 2566 866 2646 ipsum
881 2566 1058 2645 adjutorium
1073 2583 1080 2626 ι

128 2685 198 2729 nam
211 2668 248 2728 ab
261 2667 405 2747 adjutorio
419 2669 497 2747 quod
508 2667 592 2730 nobis
604 2667 723 2746 praebet,
739 2665 901 2728 extrinsece
914 2665 1081 2726 denomina-

126 2771 180 2828 tur
193 2767 318 2847 adjutor,
331 2767 418 2830 rituti
431 2789 449 2828 a
461 2768 605 2830 creatione
625 2771 750 2830 creator:
773 2787 841 2844 ergo
853 2766 952 2845 ipsum
966 2766 1079 2844 adjuto·

127 2867 215 2944 rium,
237 2869 270 2930 iu
290 2871 385 2948 rigore
407 2875 567 2950 sumptum,
589 2869 701 2950 aliquid
724 2873 852 2930 arratum
875 2877 927 2939 eat,
952 2869 988 2928 ab
1018 2868 1081 2946 ipro

128 2969 193 3032 Deo
216 2989 404 3051 prumanans;
436 2978 467 3033 et
494 2973 559 3034 ideo
583 2973 615 3032 iu
639 2971 790 3050 Scriptura
816 2970 910 3031 nolent
937 2969 990 3030 illa
1023 2970 1080 3030 duo

132 3069 294 3148 distingui:
320 3069 533 3152 ‘Adjutorium
556 3077 688 3132 nostrum
701 3071 733 3132 in
746 3071 863 3132 nomine
885 3069 1013 3145 Domini,
1029 3071 1081 3148 qui

129 3171 199 3231 fauit
212 3171 319 3232 eoelum
337 3177 367 3232 et
388 3171 512 3232 terram’
535 3171 654 3249 (Psalm.
670 3171 770 3246 cxxiii,
794 3173 837 3248 8),
860 3174 903 3231 et:
929 3171 1027 3230 ‘Deus
1049 3169 1081 3228 in

130 3271 308 3349 adjutorium
330 3291 427 3332 meum
446 3271 586 3333 intenda’
612 3272 732 3350 (Parim.
763 3272 838 3330 lxix.
859 3271 902 3349 2),
926 3273 979 3329 et:
1011 3269 1079 3328 ‘In-
1166 3309 1173 3320 .

128 3372 231 3431 vocavi
257 3372 446 3434 Dominum.
470 3417 477 3431 .
501 3417 507 3431 .
532 3418 539 3434 .
561 3376 595 3432 ut
620 3388 678 3432 non
705 3371 891 3449 derelinquat
916 3388 961 3428 me
983 3409 991 3426 .
1013 3409 1018 3421 ·
1042 3413 1079 3428 ..

127 3471 192 3531 nine
214 3472 379 3549 adjutorio'
406 3471 613 3551 (Ecclesiastic.
634 3473 666 3534 li.
691 3473 750 3551 14).
794 3468 992 3546 Distinguitur
1012 3488 1079 3546 argo

129 3569 306 3648 adjutorium
320 3572 431 3652 abipso
445 3574 515 3650 Deo,
534 3577 673 3650 tanquam
693 3570 805 3649 aliquid
825 3569 953 3629 dandum
967 3569 1003 3627 ab
1017 3568 1078 3646 ipso

114 3657 201 3733 ΙῙ)οο.
242 3672 353 3735 Eodem
376 3673 460 3735 modo
482 3673 614 3754 loquitur
636 3671 787 3751 Scriptura
808 3689 897 3742 sacra,
917 3671 952 3728 ut
972 3668 1079 3728 Psalm.

441 3785 443 3789 ,
603 3774 642 3832 4„
