2410 4318
80 3363 83 3371 '
191 3359 283 3417 solum
298 3375 411 3416 omnem
426 3356 603 3416 coactionem
623 3357 673 3416 sed
694 3377 809 3418 omnem
830 3359 1036 3422 necessitatem
1050 3365 1148 3425 abesse

185 425 245 502 196
549 419 606 485 De
622 419 754 486 Gratia.
966 427 1084 511 [nrsr’.
1099 447 1153 492 vn.
1180 408 1187 524 l

180 589 275 650 desset
295 589 395 668 (inire,
420 607 450 648 n.
472 587 549 664 54):
580 588 632 646 sed
652 587 846 647 falsissimum
865 594 922 664 est,
945 596 984 652 nt
1003 597 1104 670 patet
1123 614 1157 652 ex

181 691 312 750 textibus
325 688 441 750 Oulviui
454 689 533 766 opud
546 689 697 758 Peneon,
712 709 742 748 n.
759 694 829 762 282,
845 697 910 751 not

223 795 270 852 13.
290 791 416 850 Planum
439 793 483 850 est
508 788 680 848 Jensenium
704 808 774 847 cnm
799 790 1008 854 Novatoribus
1033 794 1162 871 integre
1203 829 1204 836 ι

180 889 334 950 convenire
349 889 391 962 1⁰,
408 888 441 947 in
458 887 590 964 negando
602 888 737 947 libertate
750 908 769 946 a
780 891 959 951 necessitate
981 895 1042 953 snb
1059 896 1165 972 gratie

181 989 288 1050 efficaci
301 993 330 1050 et
344 989 386 1062 2⁰,
402 988 434 1047 in
447 988 581 1065 neganda
598 988 694 1063 gretie
711 989 881 1050 sufficienti.
919 993 995 1052 Non
1015 1001 1071 1054 est
1088 1015 1166 1072 opus

182 1110 250 1168 ergo
264 1109 381 1164 errores,
395 1088 492 1166 quire
505 1088 595 1147 iidem
615 1090 693 1159 sunt,
714 1107 845 1148 seorsum
866 1094 1052 1155 convellere.
1107 1097 1166 1156 Sed

181 1189 317 1268 qnoniam
330 1189 502 1250 ansenistoe
523 1186 740 1246 distinctionem
758 1188 843 1247 illurn
863 1190 999 1268 duplicis
1019 1195 1165 1256 delectu·

181 1288 271 1349 tionis
288 1287 459 1361 obtendunt,
475 1305 540 1346 eam
551 1285 680 1346 breviter
692 1287 888 1348 excutiemus.

225 1391 270 1450 14.
291 1387 430 1446 Doctrina
448 1385 600 1446 Catholica.
642 1386 715 1445 Haec
732 1386 811 1446 clm
830 1393 930 1448 estex
943 1399 1061 1467 cami,
1087 1414 1163 1453 sess
1201 1430 1203 1495 p

182 1493 200 1548 6
216 1487 339 1548 Consilii
351 1485 432 1545 Trid.
454 1489 485 1544 et
505 1504 544 1544 cx
562 1485 808 1562 propositionibus
822 1489 842 1547 J
844 1491 961 1550 maeuii
979 1494 1145 1553 domatis
1154 1516 1162 1566 ;

181 1593 211 1650 et
224 1588 387 1648 continetur
400 1586 432 1645 in
446 1585 689 1664 propositionibus
698 1585 760 1663 jam
773 1589 945 1664 probandis.

241 1825 299 1909 §2
319 1825 462 1886 Probatur
475 1823 605 1884 doctriua
623 1822 768 1886 cartolam
783 1826 815 1884 dr
834 1827 942 1886 Gratia
957 1829 1094 1908 ΕΜ
1200 1820 1203 1919 t

185 2013 230 2070 15.
246 2005 574 2068 Psorosrrro.-Gratis
584 2005 794 2083 rffioacuullam
804 2006 893 2083 insert
906 2008 1023 2068 lamini
1035 2013 1154 2072 masal

302 2112 407 2174 tatam‚·
425 2125 480 2179 sau,
497 2106 524 2165 ai
536 2105 645 2165 omuino
660 2105 742 2166 libare
755 2111 918 2182 cooperatur
931 2109 1027 2170 domm

226 2271 269 2326 16.
290 2265 463 2344 Argumenta
483 2284 516 2322 cr
539 2263 570 2324 S.
596 2264 753 2340 Scriptura.
803 2265 1026 2328 hennum
1052 2272 1083 2330 Ι.
1106 2273 1153 2330 Ex

183 2385 240 2426 usu
252 2365 394 2443 loquendi
406 2362 574 2435 universali,
586 2369 736 2440 perpetuo,
748 2363 888 2436 absoluto,
903 2368 1061 2442 mandata,
1079 2389 1154 2448 prae-

184 2470 276 2544 cepte,
303 2464 485 2536 monitiones,
508 2462 727 2536 obsecrationes,
752 2463 848 2536 miuoe,
862 2466 914 2524 tec.
934 2485 1098 2545 nunquam
1119 2471 1152 2528 ab
1202 2508 1203 2515 ι

184 2567 283 2645 aliquo
307 2564 482 2624 adhibentur
512 2567 548 2621 ut
570 2561 663 2621 elium
689 2563 787 2640 adiget
810 2564 846 2622 ed
869 2583 943 2640 opus
966 2567 1151 2638 faciendum,
1202 2626 1203 2637 ,

185 2665 262 2744 quod
275 2663 324 2724 hio
338 2683 396 2723 uon
410 2663 504 2722 fecere
517 2681 574 2720 non
588 2665 703 2738 potest;
725 2661 773 2722 vel
789 2662 826 2720 ed
839 2681 912 2739 opus
926 2664 1150 2738 declinandum,

185 2765 261 2843 quod
276 2781 334 2822 non
347 2765 443 2841 potest
455 2780 514 2821 non
528 2761 682 2822 declinare.
723 2761 783 2828 Qui
802 2761 887 2822 aliter
907 2763 1039 2824 scienter
1053 2771 1153 2844 egeret

186 2869 238 2924 eut
250 2883 302 2941 pro
315 2861 454 2921 irridente
473 2866 525 2921 eut
547 2881 599 2938 pro
622 2860 785 2921 insaniente
798 2861 964 2922 haberetur.
1008 2866 1050 2924 In
1072 2865 1151 2926 omni

187 2982 253 3039 ergo
267 2960 409 3037 ejusmodi
426 2961 572 3033 mandato,
589 2963 638 3020 do.
653 2959 687 3032 is,
710 2961 747 3020 ed
761 2980 847 3038 quem
869 2961 1020 3036 dirigitur,
1036 2984 1076 3024 eo
1089 2967 1150 3044 ipso

186 3057 362 3136 intelligitur
375 3078 436 3118 esse
457 3079 525 3118 vere
538 3060 613 3118 liber
626 3060 663 3118 ad
676 3061 845 3119 mandatum
864 3064 1093 3138 exsequendum
1106 3066 1150 3126 vel

188 3157 372 3230 violandum3
395 3161 434 3230 et,
463 3158 488 3216 si
514 3169 701 3237 exsequatur,
731 3179 797 3218 eum
824 3159 914 3218 libere
940 3164 1096 3240 exsequi;
1127 3165 1149 3224 si

188 3257 288 3328 violet,
303 3277 369 3316 eum
383 3256 472 3318 libere
495 3256 611 3317 violare.
652 3259 695 3316 Eo
716 3257 778 3334 ipso
798 3258 977 3336 intelligitur
990 3263 1029 3321 ab
1042 3283 1079 3324 eo
1093 3284 1147 3324 non

189 3457 343 3517 -ethono
353 3455 445 3516 multo
458 3455 567 3533 magis:
584 3457 758 3518 ecoectione
767 3458 844 3519 euim
858 3477 995 3536 spesesse
1004 3468 1106 3540 potest
1117 3471 1147 3524 ut

190 3555 320 3634 sseipso
341 3556 390 3617 vel
413 3557 449 3616 ab
472 3557 528 3616 elio
550 3557 708 3630 liberetur3
729 3577 746 3616 o
767 3559 937 3620 necessitate
958 3566 1064 3626 autem
1083 3566 1145 3643 quis

190 3655 311 3716 liberare
324 3654 444 3734 potest?
