2410 4318
65 437 186 502 inse.
206 410 296 519 vnn]
348 413 529 498 Concordia
546 413 674 498 Creteis
688 415 921 498 eleterlalr‘r.
991 439 1051 521 237

66 599 366 680 praedeterminans,
392 599 656 678 praedeterminatio
677 598 806 677 physica,
829 599 923 676 gratia
942 601 1053 677 praede·

69 701 281 771 terminans‚’
307 700 482 778 particulam
506 699 603 777 ‘prae'
625 719 684 758 non
703 700 852 776 designare
874 700 1055 778 prioritatem

74 801 263 861 durationis
277 799 338 860 sive
350 800 496 878 temporis,
512 801 561 859 sed
576 801 722 860 duntaxat
741 810 853 858 naturae
867 819 917 859 seu
932 800 1053 860 causali·

78 901 170 962 tatis
193 904 225 962 ct
248 899 460 976 dependentiee,
487 919 574 976 quem
595 899 725 976 explicat
744 899 919 959 Aristoteles
921 943 1052 973 .....

79 1003 168 1060 dum
183 999 235 1074 ait,
252 999 331 1076 quod
343 999 420 1058 illud
442 1002 486 1058 est
506 1001 587 1075 prius
599 1019 616 1058 a
629 1018 687 1076 quo
702 998 782 1056 aliud
795 999 902 1075 pendet
916 1003 1053 1076 tanquam

82 1119 107 1158 a
121 1117 226 1172 causa,
242 1101 272 1158 ot
284 1096 477 1156 nihilominus
490 1099 672 1157 convertitur
692 1096 866 1156 subsistendi
879 1116 1054 1174 consequen-

83 1198 149 1271 tia,
174 1198 220 1258 ita
232 1199 276 1269 ut,
290 1197 318 1256 ai
329 1216 424 1256 oerum
446 1197 486 1256 sit
510 1216 596 1256 uuum
619 1216 682 1268 osse,
698 1215 793 1256 aarum
815 1196 897 1256 etium
911 1199 948 1256 sit
966 1201 1057 1256 cesset

87 1297 228 1357 alterare
270 1296 420 1363 Quomodo
434 1316 519 1357 causa
533 1297 621 1358 etiam
631 1295 664 1354 in
673 1300 741 1356 actu
754 1300 798 1356 est
807 1295 886 1374 prior
895 1316 948 1356 sua
958 1316 1056 1374 opera·

88 1398 180 1458 tione
193 1399 224 1456 et
237 1396 359 1456 effectu:
383 1395 451 1474 quia
463 1397 533 1456 licet
546 1415 604 1456 non
617 1395 708 1473 possit
718 1395 830 1472 concipi
840 1415 926 1456 causa
938 1395 970 1454 in
979 1399 1055 1470 actu,

90 1496 158 1555 nisi
172 1496 352 1572 concipiatur
366 1495 431 1574 ejus
444 1495 572 1572 operatio
593 1504 622 1554 et
636 1495 756 1555 effectus
770 1495 805 1554 ab
819 1494 871 1553 illa
890 1495 1056 1572 procedens,

92 1594 302 1669 nihilominus,
319 1595 389 1672 quia
402 1594 530 1672 operatio
544 1598 574 1654 et
587 1594 706 1654 effectus
719 1595 882 1672 dependent
895 1614 912 1652 a
925 1613 1010 1653 causa
1023 1592 1055 1653 in

95 1701 179 1768 actu,
195 1695 260 1755 ideo
282 1714 370 1754 causa
391 1694 424 1754 in
446 1699 514 1754 actu
537 1693 646 1754 dicitur
662 1694 742 1772 prior
765 1714 817 1754 sua
839 1693 1004 1770 operatione
1025 1696 1056 1753 et

98 1795 215 1855 effectu
237 1792 391 1872 prioritate
415 1793 615 1871 dependentia
634 1797 664 1854 et
687 1793 874 1868 causalitate,
890 1791 1056 1874 queeetiam

98 1898 224 1956 vocatur
245 1893 397 1971 ‘prioritas
409 1893 546 1954 instantis
559 1913 576 1953 a
589 1896 668 1972 quo?

147 1997 192 2052 10.
217 1992 420 2053 “Notandum
433 1993 537 2052 tertio:
560 1993 698 2053 Divinam
712 1993 868 2053 motionem
880 1991 913 2052 in
926 1994 1057 2053 creatura

101 2095 248 2170 receptam
271 2093 307 2150 ab
331 2093 443 2151 eisdem
464 2093 622 2152 Thomistis
651 2095 802 2170 physicam
825 2092 974 2170 appellari,
997 2111 1057 2152 non

104 2192 184 2270 quod
195 2193 288 2251 forma
301 2191 446 2250 naturalis
458 2190 507 2266 sit,
524 2211 575 2252 seu
588 2211 639 2270 per
652 2193 770 2251 modum
789 2197 900 2252 naturae
915 2193 952 2252 ad
964 2211 1057 2250 unum

105 2291 298 2351 determinans
314 2290 428 2369 (absit),
446 2291 497 2350 sed
510 2293 580 2368 quie
593 2311 631 2350 ex
646 2292 761 2369 propria
781 2292 905 2352 essentia
918 2294 948 2351 et
960 2292 996 2352 ab
1009 2291 1055 2350 in-

104 2389 227 2452 trinseco
241 2393 286 2450 est
306 2390 417 2463 efficax,
434 2391 649 2466 independenter
662 2410 679 2449 o
692 2411 857 2470 quocumque
879 2394 969 2449 creato
993 2409 1056 2449 con-

107 2508 205 2550 sessu:
236 2489 314 2566 quod
337 2493 382 2550 est
403 2489 561 2567 physicum
584 2490 746 2565 theologice
768 2510 827 2549 non
849 2488 1057 2566 philosophice.

108 2589 282 2667 Exemplum
305 2588 361 2649 tibi
382 2588 433 2649 dat
458 2589 520 2666 ipse
553 2589 712 2662 Themista,
736 2590 807 2648 dum
830 2589 913 2648 docet
933 2587 1056 2663 gratiam

110 2688 228 2766 physice
242 2688 388 2765 expellere
409 2691 572 2765 peccatum,
587 2708 646 2748 non
661 2690 739 2766 quod
758 2692 891 2749 exerceat
904 2686 1058 2764 oppositio·

111 2807 176 2847 nem
189 2787 288 2847 formae
301 2787 442 2846 naturalis
458 2807 519 2847 seu
541 2788 679 2866 physicae,
702 2790 752 2848 sed
771 2789 840 2866 quia
853 2786 1060 2865 oppositionem

112 2887 196 2946 habet
217 2907 282 2947 cum
306 2887 358 2945 illo
381 2907 420 2946 ex
441 2907 493 2946 sua
517 2890 635 2966 propria
658 2889 782 2949 essentia
795 2893 825 2949 et
838 2889 874 2948 ab
894 2887 1059 2958 intrinseco,

113 2987 335 3065 independenter
347 3006 363 3046 a
374 3006 556 3064 quacumque
566 2989 630 3066 lege
642 2989 833 3050 extrinseco.’'
856 2988 1061 3061 Geruntraot.

120 3086 154 3146 de
167 3086 432 3157 Praedestinaticne,
449 3087 477 3147 d.
493 3092 521 3162 6,
535 3107 563 3150 n.
578 3093 625 3161 65,
642 3091 692 3150 &a
1030 3085 1032 3090 ’

155 3189 197 3244 11.
210 3187 310 3246 Potest
331 3187 425 3245 omnis
450 3186 526 3246 actio
546 3191 577 3247 et
602 3190 690 3248 motio
714 3189 828 3264 gratia,
851 3187 955 3248 saltem
980 3183 1062 3262 adju·

117 3287 214 3360 ventis,
230 3287 292 3348 sire
306 3286 430 3348 efficacis
444 3287 506 3348 sive
520 3308 598 3349 mere
612 3291 788 3364 sufficientis,
805 3290 902 3351 vocari
914 3287 1063 3366 premotio

119 3391 166 3448 aut
176 3388 262 3448 motio
276 3388 413 3466 physice:
436 3389 464 3459 d,
480 3390 507 3462 7,
519 3409 549 3450 n.
563 3394 611 3463 40,
629 3394 680 3451 &a
721 3392 787 3464 Sed,
799 3388 1001 3468 praetermissis
1010 3388 1063 3446 hoo

120 3495 147 3549 et
159 3488 218 3546 aliis
230 3488 323 3547 modis
335 3487 368 3546 in
382 3488 489 3564 quihus
501 3489 645 3564 {adhiberi
665 3493 761 3568 potest
782 3491 844 3548 haec
861 3487 978 3559 locutio,
1000 3505 1063 3545 sen-

122 3607 180 3649 sum
191 3589 221 3648 in
235 3608 293 3666 quo
303 3589 352 3648 hic
365 3589 520 3648 adhibetur
532 3591 705 3650 vocabulum
726 3597 745 3625 “
756 3590 877 3667 physica
885 3589 903 3617 ''
918 3588 959 3647 sic
973 3585 1064 3664 expli·

124 3692 165 3752 cat
177 3690 287 3752 Sonare
302 3689 352 3770 (de
365 3690 442 3756 Vera
466 3691 664 3770 intelligentie
676 3692 791 3754 Auxilii
803 3687 944 3766 Efficacia,
960 3707 984 3750 o.
1000 3692 1037 3748 46
1055 3705 1062 3750 :
