<?xml version="1.0" encoding="UTF-8"?>
<!DOCTYPE html PUBLIC "-//W3C//DTD XHTML 1.0 Transitional//EN"
    "http://www.w3.org/TR/xhtml1/DTD/xhtml1-transitional.dtd">
<html xmlns="http://www.w3.org/1999/xhtml" xml:lang="en" lang="en">
 <head>
  <title>
</title>
<meta http-equiv="Content-Type" content="text/html;charset=utf-8" />
  <meta name='ocr-system' content='tesseract 3.04.00' />
  <meta name='ocr-capabilities' content='ocr_page ocr_carea ocr_par ocr_line ocrx_word'/>
</head>
<body>
  <div class='ocr_page' id='page_1' title='image "./tractatusdegrat00murrgoog_0239.png"; bbox 0 0 2410 4318; ppageno 0'>
   <div class='ocr_carea' id='block_1_1' title="bbox 184 437 1156 531">
    <p class='ocr_par' dir='ltr' id='par_1_1' title="bbox 184 437 1156 531">
     <span class='ocr_line' id='line_1_1' title="bbox 184 437 1156 531; baseline 0 -21"><span class='ocrx_word' id='word_1_1' title='bbox 184 461 246 524; x_wconf 84' lang='lat'><strong>2²4</strong></span> <span class='ocrx_word' id='word_1_2' title='bbox 550 437 606 508; x_wconf 82' lang='lat' dir='ltr'><strong>De</strong></span> <span class='ocrx_word' id='word_1_3' title='bbox 627 437 759 510; x_wconf 65' lang='lat' dir='ltr'><strong>Grato.</strong></span> <span class='ocrx_word' id='word_1_4' title='bbox 976 439 1087 531; x_wconf 72' lang='lat' dir='ltr'><strong>[mrsu.</strong></span> <span class='ocrx_word' id='word_1_5' title='bbox 1104 461 1156 512; x_wconf 79' lang='lat' dir='ltr'><strong>un.</strong></span> 
     </span>
    </p>
   </div>
   <div class='ocr_carea' id='block_1_2' title="bbox 84 603 1195 3790">
    <p class='ocr_par' dir='ltr' id='par_1_2' title="bbox 179 603 1160 1290">
     <span class='ocr_line' id='line_1_2' title="bbox 181 603 1158 687; baseline 0 -15"><span class='ocrx_word' id='word_1_6' title='bbox 181 611 269 683; x_wconf 85' lang='lat' dir='ltr'><strong>Item,</strong></span> <span class='ocrx_word' id='word_1_7' title='bbox 285 605 310 668; x_wconf 86' lang='lat' dir='ltr'><strong>si</strong></span> <span class='ocrx_word' id='word_1_8' title='bbox 323 625 374 686; x_wconf 88' lang='lat' dir='ltr'><strong>pro</strong></span> <span class='ocrx_word' id='word_1_9' title='bbox 387 603 520 668; x_wconf 88' lang='lat' dir='ltr'><strong>omnibus</strong></span> <span class='ocrx_word' id='word_1_10' title='bbox 532 609 654 687; x_wconf 78' lang='lat' dir='ltr'><strong>prefata</strong></span> <span class='ocrx_word' id='word_1_11' title='bbox 665 609 817 672; x_wconf 83' lang='lat' dir='ltr'><strong>voluntate</strong></span> <span class='ocrx_word' id='word_1_12' title='bbox 830 611 973 670; x_wconf 86' lang='lat' dir='ltr'><strong>mortuus</strong></span> <span class='ocrx_word' id='word_1_13' title='bbox 987 615 1050 672; x_wconf 74' lang='lat' dir='ltr'><strong>est</strong></span> <span class='ocrx_word' id='word_1_14' title='bbox 1095 612 1158 672; x_wconf 74' lang='lat' dir='ltr'><strong>Nou</strong></span> 
     </span>
     <span class='ocr_line' id='line_1_3' title="bbox 183 709 1158 791; baseline 0.003 -19"><span class='ocrx_word' id='word_1_15' title='bbox 183 731 250 788; x_wconf 80' lang='lat' dir='ltr'><strong>crgo</strong></span> <span class='ocrx_word' id='word_1_16' title='bbox 263 709 446 770; x_wconf 77' lang='lat' dir='ltr'><strong>intendimus</strong></span> <span class='ocrx_word' id='word_1_17' title='bbox 468 709 516 770; x_wconf 87' lang='lat' dir='ltr'><strong>hic</strong></span> <span class='ocrx_word' id='word_1_18' title='bbox 537 711 665 788; x_wconf 82' lang='lat' dir='ltr'><strong>proferre</strong></span> <span class='ocrx_word' id='word_1_19' title='bbox 679 716 856 790; x_wconf 78' lang='lat' dir='ltr'><strong>argumente</strong></span> <span class='ocrx_word' id='word_1_20' title='bbox 875 712 992 791; x_wconf 89' lang='lat' dir='ltr'><strong>quibus</strong></span> <span class='ocrx_word' id='word_1_21' title='bbox 1016 715 1092 775; x_wconf 78' lang='lat' dir='ltr'><strong>intre</strong></span> <span class='ocrx_word' id='word_1_22' title='bbox 1105 734 1158 774; x_wconf 75' lang='lat' dir='ltr'><strong>res·</strong></span> 
     </span>
     <span class='ocr_line' id='line_1_4' title="bbox 181 809 1159 891; baseline 0.005 -21"><span class='ocrx_word' id='word_1_23' title='bbox 181 809 335 890; x_wconf 85' lang='lat' dir='ltr'><strong>pensiones</strong></span> <span class='ocrx_word' id='word_1_24' title='bbox 354 810 508 869; x_wconf 86' lang='lat' dir='ltr'><strong>firmentur</strong></span> <span class='ocrx_word' id='word_1_25' title='bbox 521 813 572 870; x_wconf 89' lang='lat' dir='ltr'><strong>aut</strong></span> <span class='ocrx_word' id='word_1_26' title='bbox 586 810 745 871; x_wconf 80' lang='lat' dir='ltr'><strong>solutiones</strong></span> <span class='ocrx_word' id='word_1_27' title='bbox 768 811 985 872; x_wconf 86' lang='lat' dir='ltr'><strong>difficultatum</strong></span> <span class='ocrx_word' id='word_1_28' title='bbox 1001 833 1079 891; x_wconf 77' lang='lat' dir='ltr'><strong>quae</strong></span> <span class='ocrx_word' id='word_1_29' title='bbox 1095 834 1159 874; x_wconf 90' lang='lat' dir='ltr'><strong>con-</strong></span> 
     </span>
     <span class='ocr_line' id='line_1_5' title="bbox 181 909 1160 988; baseline 0.003 -18"><span class='ocrx_word' id='word_1_30' title='bbox 181 917 228 970; x_wconf 87' lang='lat' dir='ltr'><strong>tra</strong></span> <span class='ocrx_word' id='word_1_31' title='bbox 249 929 296 970; x_wconf 89' lang='lat' dir='ltr'><strong>eas</strong></span> <span class='ocrx_word' id='word_1_32' title='bbox 318 909 504 985; x_wconf 89' lang='lat' dir='ltr'><strong>objiciuntur,</strong></span> <span class='ocrx_word' id='word_1_33' title='bbox 536 911 586 970; x_wconf 90' lang='lat' dir='ltr'><strong>sed</strong></span> <span class='ocrx_word' id='word_1_34' title='bbox 615 914 740 981; x_wconf 87' lang='lat' dir='ltr'><strong>tautum,</strong></span> <span class='ocrx_word' id='word_1_35' title='bbox 774 911 872 988; x_wconf 84' lang='lat' dir='ltr'><strong>quoad</strong></span> <span class='ocrx_word' id='word_1_36' title='bbox 904 911 1160 973; x_wconf 84' lang='lat' dir='ltr'><strong>distributionem</strong></span> 
     </span>
     <span class='ocr_line' id='line_1_6' title="bbox 180 1009 1159 1088; baseline 0.004 -18"><span class='ocrx_word' id='word_1_37' title='bbox 180 1011 289 1088; x_wconf 84' lang='lat' dir='ltr'><strong>gratioe,</strong></span> <span class='ocrx_word' id='word_1_38' title='bbox 309 1009 439 1070; x_wconf 86' lang='lat' dir='ltr'><strong>breviter</strong></span> <span class='ocrx_word' id='word_1_39' title='bbox 464 1009 560 1088; x_wconf 88' lang='lat' dir='ltr'><strong>capita</strong></span> <span class='ocrx_word' id='word_1_40' title='bbox 582 1029 743 1070; x_wconf 84' lang='lat' dir='ltr'><strong>rescensere</strong></span> <span class='ocrx_word' id='word_1_41' title='bbox 763 1011 907 1071; x_wconf 75' lang='lat' dir='ltr'><strong>doctrinae</strong></span> <span class='ocrx_word' id='word_1_42' title='bbox 928 1013 999 1073; x_wconf 80' lang='lat' dir='ltr'><strong>sive</strong></span> <span class='ocrx_word' id='word_1_43' title='bbox 1024 1015 1159 1074; x_wconf 79' lang='lat' dir='ltr'><strong>delinita</strong></span> 
     </span>
     <span class='ocr_line' id='line_1_7' title="bbox 180 1109 1159 1192; baseline 0.003 -21"><span class='ocrx_word' id='word_1_44' title='bbox 180 1113 215 1172; x_wconf 87' lang='lat' dir='ltr'><strong>ub</strong></span> <span class='ocrx_word' id='word_1_45' title='bbox 229 1109 359 1171; x_wconf 79' lang='lat' dir='ltr'><strong>Ecclesia</strong></span> <span class='ocrx_word' id='word_1_46' title='bbox 382 1109 443 1171; x_wconf 86' lang='lat' dir='ltr'><strong>siva</strong></span> <span class='ocrx_word' id='word_1_47' title='bbox 465 1109 550 1170; x_wconf 87' lang='lat' dir='ltr'><strong>aliter</strong></span> <span class='ocrx_word' id='word_1_48' title='bbox 572 1113 658 1172; x_wconf 74' lang='lat' dir='ltr'><strong>ceree</strong></span> <span class='ocrx_word' id='word_1_49' title='bbox 672 1113 702 1172; x_wconf 88' lang='lat' dir='ltr'><strong>et</strong></span> <span class='ocrx_word' id='word_1_50' title='bbox 715 1110 794 1189; x_wconf 91' lang='lat' dir='ltr'><strong>apud</strong></span> <span class='ocrx_word' id='word_1_51' title='bbox 806 1109 964 1188; x_wconf 82' lang='lat' dir='ltr'><strong>theologos</strong></span> <span class='ocrx_word' id='word_1_52' title='bbox 978 1117 1121 1192; x_wconf 84' lang='lat' dir='ltr'><strong>receptae</strong></span> <span class='ocrx_word' id='word_1_53' title='bbox 1134 1119 1159 1174; x_wconf 90' lang='lat' dir='ltr'><strong>et</strong></span> 
     </span>
     <span class='ocr_line' id='line_1_8' title="bbox 179 1213 934 1290; baseline 0.004 -19"><span class='ocrx_word' id='word_1_54' title='bbox 179 1213 316 1290; x_wconf 82' lang='lat' dir='ltr'><strong>probata.</strong></span> <span class='ocrx_word' id='word_1_55' title='bbox 931 1244 934 1250; x_wconf 92' lang='lat'>·</span> 
     </span>
    </p>

    <p class='ocr_par' dir='ltr' id='par_1_3' title="bbox 179 1297 1156 1674">
     <span class='ocr_line' id='line_1_9' title="bbox 221 1297 1156 1391; baseline 0.002 -19"><span class='ocrx_word' id='word_1_56' title='bbox 221 1317 287 1372; x_wconf 93' lang='grc'><strong>100.</strong></span> <span class='ocrx_word' id='word_1_57' title='bbox 309 1311 377 1374; x_wconf 87' lang='lat' dir='ltr'><strong>Non</strong></span> <span class='ocrx_word' id='word_1_58' title='bbox 390 1315 435 1372; x_wconf 90' lang='lat' dir='ltr'><strong>est</strong></span> <span class='ocrx_word' id='word_1_59' title='bbox 448 1297 572 1391; x_wconf 71' lang='lat' dir='ltr'><strong>quaestio</strong></span> <span class='ocrx_word' id='word_1_60' title='bbox 595 1311 630 1372; x_wconf 89' lang='lat' dir='ltr'><strong>dc</strong></span> <span class='ocrx_word' id='word_1_61' title='bbox 653 1312 747 1388; x_wconf 84' lang='lat' dir='ltr'><strong>gratia</strong></span> <span class='ocrx_word' id='word_1_62' title='bbox 767 1311 885 1385; x_wconf 85' lang='lat' dir='ltr'><strong>efficaci,</strong></span> <span class='ocrx_word' id='word_1_63' title='bbox 903 1331 942 1372; x_wconf 91' lang='lat' dir='ltr'><strong>an</strong></span> <span class='ocrx_word' id='word_1_64' title='bbox 958 1316 1070 1390; x_wconf 85' lang='lat' dir='ltr'><strong>gratia</strong></span> <span class='ocrx_word' id='word_1_65' title='bbox 1091 1315 1156 1374; x_wconf 84' lang='lat' dir='ltr'><strong>dats</strong></span> 
     </span>
     <span class='ocr_line' id='line_1_10' title="bbox 179 1411 1154 1492; baseline 0.003 -21"><span class='ocrx_word' id='word_1_66' title='bbox 179 1413 313 1473; x_wconf 90' lang='lat' dir='ltr'><strong>omnibus</strong></span> <span class='ocrx_word' id='word_1_67' title='bbox 326 1413 364 1472; x_wconf 91' lang='lat' dir='ltr'><strong>sit</strong></span> <span class='ocrx_word' id='word_1_68' title='bbox 377 1413 496 1473; x_wconf 87' lang='lat' dir='ltr'><strong>efficax:</strong></span> <span class='ocrx_word' id='word_1_69' title='bbox 512 1412 698 1472; x_wconf 84' lang='lat' dir='ltr'><strong>manifestum</strong></span> <span class='ocrx_word' id='word_1_70' title='bbox 711 1411 789 1472; x_wconf 90' lang='lat' dir='ltr'><strong>enim</strong></span> <span class='ocrx_word' id='word_1_71' title='bbox 803 1415 848 1471; x_wconf 88' lang='lat' dir='ltr'><strong>cst</strong></span> <span class='ocrx_word' id='word_1_72' title='bbox 861 1412 988 1486; x_wconf 87' lang='lat' dir='ltr'><strong>multos,</strong></span> <span class='ocrx_word' id='word_1_73' title='bbox 999 1419 1035 1474; x_wconf 89' lang='lat' dir='ltr'><strong>et</strong></span> <span class='ocrx_word' id='word_1_74' title='bbox 1045 1416 1154 1492; x_wconf 77' lang='lat' dir='ltr'><strong>saepius</strong></span> 
     </span>
     <span class='ocr_line' id='line_1_11' title="bbox 180 1513 1151 1592; baseline 0.004 -20"><span class='ocrx_word' id='word_1_75' title='bbox 180 1513 268 1573; x_wconf 90' lang='lat' dir='ltr'><strong>ctiam</strong></span> <span class='ocrx_word' id='word_1_76' title='bbox 277 1513 354 1590; x_wconf 91' lang='lat' dir='ltr'><strong>ipsos</strong></span> <span class='ocrx_word' id='word_1_77' title='bbox 364 1514 469 1592; x_wconf 91' lang='lat' dir='ltr'><strong>justos,</strong></span> <span class='ocrx_word' id='word_1_78' title='bbox 484 1513 585 1590; x_wconf 78' lang='lat' dir='ltr'><strong>gratiae</strong></span> <span class='ocrx_word' id='word_1_79' title='bbox 599 1514 719 1591; x_wconf 74' lang='lat' dir='ltr'><strong>receptae</strong></span> <span class='ocrx_word' id='word_1_80' title='bbox 732 1513 876 1587; x_wconf 86' lang='lat' dir='ltr'><strong>resistere,</strong></span> <span class='ocrx_word' id='word_1_81' title='bbox 892 1516 923 1572; x_wconf 90' lang='lat' dir='ltr'><strong>et</strong></span> <span class='ocrx_word' id='word_1_82' title='bbox 937 1513 1077 1592; x_wconf 87' lang='lat' dir='ltr'><strong>proinde</strong></span> <span class='ocrx_word' id='word_1_83' title='bbox 1091 1534 1151 1576; x_wconf 86' lang='lat' dir='ltr'><strong>eum</strong></span> 
     </span>
     <span class='ocr_line' id='line_1_12' title="bbox 181 1614 601 1674; baseline 0.005 -2"><span class='ocrx_word' id='word_1_84' title='bbox 181 1631 257 1674; x_wconf 90' lang='lat' dir='ltr'><strong>merc</strong></span> <span class='ocrx_word' id='word_1_85' title='bbox 270 1615 460 1674; x_wconf 89' lang='lat' dir='ltr'><strong>sufficientem</strong></span> <span class='ocrx_word' id='word_1_86' title='bbox 475 1614 601 1674; x_wconf 87' lang='lat' dir='ltr'><strong>reddere.</strong></span> 
     </span>
    </p>

    <p class='ocr_par' dir='ltr' id='par_1_4' title="bbox 183 1713 1195 3369">
     <span class='ocr_line' id='line_1_13' title="bbox 225 1713 1149 1794; baseline -0.001 -19"><span class='ocrx_word' id='word_1_87' title='bbox 225 1721 289 1778; x_wconf 90' lang='lat'>101.</span> <span class='ocrx_word' id='word_1_88' title='bbox 311 1717 338 1776; x_wconf 93' lang='lat'><strong>1.</strong></span> <span class='ocrx_word' id='word_1_89' title='bbox 356 1716 537 1793; x_wconf 83' lang='lat' dir='ltr'><strong>Urgentibur</strong></span> <span class='ocrx_word' id='word_1_90' title='bbox 550 1713 712 1794; x_wconf 86' lang='lat' dir='ltr'><strong>proeeeptis,</strong></span> <span class='ocrx_word' id='word_1_91' title='bbox 727 1714 808 1774; x_wconf 87' lang='lat' dir='ltr'><strong>Deus</strong></span> <span class='ocrx_word' id='word_1_92' title='bbox 828 1714 879 1774; x_wconf 91' lang='lat' dir='ltr'><strong>dat</strong></span> <span class='ocrx_word' id='word_1_93' title='bbox 892 1715 1037 1776; x_wconf 88' lang='lat' dir='ltr'><strong>omnibus</strong></span> <span class='ocrx_word' id='word_1_94' title='bbox 1058 1715 1149 1794; x_wconf 89' lang='lat' dir='ltr'><strong>justis</strong></span> 
     </span>
     <span class='ocr_line' id='line_1_14' title="bbox 183 1816 1148 1896; baseline -0.002 -18"><span class='ocrx_word' id='word_1_95' title='bbox 183 1822 306 1896; x_wconf 81' lang='lat' dir='ltr'><strong>gretiam</strong></span> <span class='ocrx_word' id='word_1_96' title='bbox 316 1819 506 1880; x_wconf 86' lang='lat' dir='ltr'><strong>sufficientem</strong></span> <span class='ocrx_word' id='word_1_97' title='bbox 526 1820 563 1878; x_wconf 88' lang='lat' dir='ltr'><strong>ad</strong></span> <span class='ocrx_word' id='word_1_98' title='bbox 581 1838 615 1878; x_wconf 90' lang='lat' dir='ltr'><strong>ea</strong></span> <span class='ocrx_word' id='word_1_99' title='bbox 634 1817 790 1894; x_wconf 87' lang='lat' dir='ltr'><strong>implenda.</strong></span> <span class='ocrx_word' id='word_1_100' title='bbox 831 1816 887 1878; x_wconf 87' lang='lat' dir='ltr'><strong>Est</strong></span> <span class='ocrx_word' id='word_1_101' title='bbox 900 1817 937 1876; x_wconf 92' lang='lat' dir='ltr'><strong>de</strong></span> <span class='ocrx_word' id='word_1_102' title='bbox 951 1817 1014 1877; x_wconf 87' lang='lat' dir='ltr'><strong>fide</strong></span> <span class='ocrx_word' id='word_1_103' title='bbox 1027 1838 1071 1878; x_wconf 84' lang='lat' dir='ltr'><strong>ex</strong></span> <span class='ocrx_word' id='word_1_104' title='bbox 1084 1837 1148 1896; x_wconf 88' lang='lat' dir='ltr'><strong>pro·</strong></span> 
     </span>
     <span class='ocr_line' id='line_1_15' title="bbox 184 1915 1147 1996; baseline -0.001 -18"><span class='ocrx_word' id='word_1_105' title='bbox 184 1919 326 1996; x_wconf 82' lang='lat' dir='ltr'><strong>positione</strong></span> <span class='ocrx_word' id='word_1_106' title='bbox 347 1919 442 1995; x_wconf 89' lang='lat' dir='ltr'><strong>prima</strong></span> <span class='ocrx_word' id='word_1_107' title='bbox 465 1917 606 1991; x_wconf 87' lang='lat' dir='ltr'><strong>Jansenii,</strong></span> <span class='ocrx_word' id='word_1_108' title='bbox 629 1936 695 1995; x_wconf 88' lang='lat' dir='ltr'><strong>quoe</strong></span> <span class='ocrx_word' id='word_1_109' title='bbox 718 1915 854 1976; x_wconf 76' lang='lat' dir='ltr'><strong>heretica</strong></span> <span class='ocrx_word' id='word_1_110' title='bbox 868 1917 1041 1978; x_wconf 83' lang='lat' dir='ltr'><strong>declaratur</strong></span> <span class='ocrx_word' id='word_1_111' title='bbox 1057 1917 1147 1978; x_wconf 85' lang='lat' dir='ltr'><strong>etuti</strong></span> 
     </span>
     <span class='ocr_line' id='line_1_16' title="bbox 185 2016 1145 2096; baseline 0.004 -22"><span class='ocrx_word' id='word_1_112' title='bbox 185 2017 252 2075; x_wconf 87' lang='lat' dir='ltr'><strong>talis</strong></span> <span class='ocrx_word' id='word_1_113' title='bbox 266 2017 420 2075; x_wconf 89' lang='lat' dir='ltr'><strong>damnatur</strong></span> <span class='ocrx_word' id='word_1_114' title='bbox 434 2019 506 2076; x_wconf 83' lang='lat'><strong>:-“</strong></span> <span class='ocrx_word' id='word_1_115' title='bbox 516 2016 627 2095; x_wconf 80' lang='lat' dir='ltr'><strong>Aliqua</strong></span> <span class='ocrx_word' id='word_1_116' title='bbox 639 2016 696 2076; x_wconf 90' lang='lat' dir='ltr'><strong>Dei</strong></span> <span class='ocrx_word' id='word_1_117' title='bbox 709 2018 853 2094; x_wconf 77' lang='lat' dir='ltr'><strong>precepta</strong></span> <span class='ocrx_word' id='word_1_118' title='bbox 871 2016 1047 2078; x_wconf 88' lang='lat' dir='ltr'><strong>hominibus</strong></span> <span class='ocrx_word' id='word_1_119' title='bbox 1054 2019 1145 2096; x_wconf 87' lang='lat' dir='ltr'><strong>justis</strong></span> 
     </span>
     <span class='ocr_line' id='line_1_17' title="bbox 184 2115 1144 2196; baseline 0.006 -24"><span class='ocrx_word' id='word_1_120' title='bbox 184 2115 347 2175; x_wconf 89' lang='lat' dir='ltr'><strong>volentibus</strong></span> <span class='ocrx_word' id='word_1_121' title='bbox 361 2119 390 2177; x_wconf 93' lang='lat' dir='ltr'><strong>et</strong></span> <span class='ocrx_word' id='word_1_122' title='bbox 404 2115 583 2189; x_wconf 79' lang='lat' dir='ltr'><strong>conantibus,</strong></span> <span class='ocrx_word' id='word_1_123' title='bbox 599 2115 758 2176; x_wconf 92' lang='lat' dir='ltr'><strong>secundum</strong></span> <span class='ocrx_word' id='word_1_124' title='bbox 771 2119 928 2194; x_wconf 75' lang='lat' dir='ltr'><strong>praesentes</strong></span> <span class='ocrx_word' id='word_1_125' title='bbox 942 2137 1020 2196; x_wconf 87' lang='lat' dir='ltr'><strong>quas</strong></span> <span class='ocrx_word' id='word_1_126' title='bbox 1033 2119 1144 2179; x_wconf 87' lang='lat' dir='ltr'><strong>habeut</strong></span> 
     </span>
     <span class='ocr_line' id='line_1_18' title="bbox 183 2213 1142 2296; baseline 0.006 -25"><span class='ocrx_word' id='word_1_127' title='bbox 183 2213 268 2284; x_wconf 89' lang='lat' dir='ltr'><strong>vires,</strong></span> <span class='ocrx_word' id='word_1_128' title='bbox 295 2217 364 2272; x_wconf 93' lang='lat' dir='ltr'><strong>sunt</strong></span> <span class='ocrx_word' id='word_1_129' title='bbox 385 2213 596 2290; x_wconf 88' lang='lat' dir='ltr'><strong>impossibilia:</strong></span> <span class='ocrx_word' id='word_1_130' title='bbox 618 2215 699 2274; x_wconf 87' lang='lat' dir='ltr'><strong>deest</strong></span> <span class='ocrx_word' id='word_1_131' title='bbox 722 2232 839 2292; x_wconf 90' lang='lat' dir='ltr'><strong>quoque</strong></span> <span class='ocrx_word' id='word_1_132' title='bbox 860 2213 922 2273; x_wconf 90' lang='lat' dir='ltr'><strong>illis</strong></span> <span class='ocrx_word' id='word_1_133' title='bbox 946 2217 1056 2291; x_wconf 84' lang='lat' dir='ltr'><strong>gratio,</strong></span> <span class='ocrx_word' id='word_1_134' title='bbox 1082 2237 1142 2296; x_wconf 85' lang='lat' dir='ltr'><strong>que</strong></span> 
     </span>
     <span class='ocr_line' id='line_1_19' title="bbox 183 2312 1138 2392; baseline 0.003 -20"><span class='ocrx_word' id='word_1_135' title='bbox 183 2313 333 2390; x_wconf 88' lang='lat' dir='ltr'><strong>possibilia</strong></span> <span class='ocrx_word' id='word_1_136' title='bbox 354 2313 457 2372; x_wconf 89' lang='lat' dir='ltr'><strong>fiant.”</strong></span> <span class='ocrx_word' id='word_1_137' title='bbox 507 2313 627 2390; x_wconf 82' lang='lat' dir='ltr'><strong>Semper</strong></span> <span class='ocrx_word' id='word_1_138' title='bbox 653 2333 721 2389; x_wconf 84' lang='lat' dir='ltr'><strong>ergo</strong></span> <span class='ocrx_word' id='word_1_139' title='bbox 742 2317 773 2372; x_wconf 90' lang='lat' dir='ltr'><strong>ct</strong></span> <span class='ocrx_word' id='word_1_140' title='bbox 794 2312 856 2372; x_wconf 89' lang='lat' dir='ltr'><strong>siue</strong></span> <span class='ocrx_word' id='word_1_141' title='bbox 876 2313 939 2373; x_wconf 89' lang='lat' dir='ltr'><strong>ulla</strong></span> <span class='ocrx_word' id='word_1_142' title='bbox 953 2317 1138 2392; x_wconf 84' lang='lat' dir='ltr'><strong>exceptione,</strong></span> 
     </span>
     <span class='ocr_line' id='line_1_20' title="bbox 183 2412 1138 2490; baseline 0.004 -18"><span class='ocrx_word' id='word_1_143' title='bbox 183 2417 305 2489; x_wconf 86' lang='lat' dir='ltr'><strong>urgente</strong></span> <span class='ocrx_word' id='word_1_144' title='bbox 319 2415 471 2490; x_wconf 72' lang='lat' dir='ltr'><strong>praecepto,</strong></span> <span class='ocrx_word' id='word_1_145' title='bbox 487 2413 566 2472; x_wconf 89' lang='lat' dir='ltr'><strong>Deus</strong></span> <span class='ocrx_word' id='word_1_146' title='bbox 575 2413 664 2490; x_wconf 89' lang='lat' dir='ltr'><strong>justis</strong></span> <span class='ocrx_word' id='word_1_147' title='bbox 684 2413 734 2472; x_wconf 91' lang='lat' dir='ltr'><strong>dat</strong></span> <span class='ocrx_word' id='word_1_148' title='bbox 746 2412 870 2489; x_wconf 85' lang='lat' dir='ltr'><strong>gratiam</strong></span> <span class='ocrx_word' id='word_1_149' title='bbox 893 2413 1090 2475; x_wconf 85' lang='lat' dir='ltr'><strong>sufficientem</strong></span> <span class='ocrx_word' id='word_1_150' title='bbox 1103 2417 1138 2476; x_wconf 89' lang='lat' dir='ltr'><strong>ad</strong></span> 
     </span>
     <span class='ocr_line' id='line_1_21' title="bbox 184 2511 1135 2590; baseline 0.003 -18"><span class='ocrx_word' id='word_1_151' title='bbox 184 2513 260 2572; x_wconf 87' lang='lat' dir='ltr'><strong>illud</strong></span> <span class='ocrx_word' id='word_1_152' title='bbox 273 2513 463 2590; x_wconf 89' lang='lat' dir='ltr'><strong>implendum,</strong></span> <span class='ocrx_word' id='word_1_153' title='bbox 476 2515 506 2572; x_wconf 92' lang='lat' dir='ltr'><strong>et</strong></span> <span class='ocrx_word' id='word_1_154' title='bbox 519 2511 637 2590; x_wconf 91' lang='lat' dir='ltr'><strong>quidem</strong></span> <span class='ocrx_word' id='word_1_155' title='bbox 656 2531 724 2572; x_wconf 86' lang='lat' dir='ltr'><strong>vare</strong></span> <span class='ocrx_word' id='word_1_156' title='bbox 738 2516 768 2572; x_wconf 90' lang='lat' dir='ltr'><strong>at</strong></span> <span class='ocrx_word' id='word_1_157' title='bbox 780 2511 902 2572; x_wconf 89' lang='lat' dir='ltr'><strong>relative</strong></span> <span class='ocrx_word' id='word_1_158' title='bbox 924 2514 1135 2576; x_wconf 83' lang='lat' dir='ltr'><strong>sufficientem:</strong></span> 
     </span>
     <span class='ocr_line' id='line_1_22' title="bbox 184 2610 1135 2690; baseline 0.001 -18"><span class='ocrx_word' id='word_1_159' title='bbox 184 2613 314 2690; x_wconf 86' lang='lat' dir='ltr'><strong>alioquin</strong></span> <span class='ocrx_word' id='word_1_160' title='bbox 337 2611 414 2671; x_wconf 91' lang='lat' dir='ltr'><strong>enim</strong></span> <span class='ocrx_word' id='word_1_161' title='bbox 439 2610 537 2689; x_wconf 90' lang='lat' dir='ltr'><strong>aliqua</strong></span> <span class='ocrx_word' id='word_1_162' title='bbox 556 2613 702 2688; x_wconf 86' lang='lat' dir='ltr'><strong>praecepta</strong></span> <span class='ocrx_word' id='word_1_163' title='bbox 725 2610 793 2684; x_wconf 86' lang='lat' dir='ltr'><strong>illis,</strong></span> <span class='ocrx_word' id='word_1_164' title='bbox 819 2611 912 2671; x_wconf 90' lang='lat' dir='ltr'><strong>relate</strong></span> <span class='ocrx_word' id='word_1_165' title='bbox 934 2612 971 2670; x_wconf 91' lang='lat' dir='ltr'><strong>ad</strong></span> <span class='ocrx_word' id='word_1_166' title='bbox 991 2624 1135 2690; x_wconf 61' lang='lat' dir='ltr'><strong>praecare</strong></span> 
     </span>
     <span class='ocr_line' id='line_1_23' title="bbox 184 2701 1195 2790; baseline 0.001 -20"><span class='ocrx_word' id='word_1_167' title='bbox 184 2732 255 2790; x_wconf 84' lang='lat' dir='ltr'><strong>quas</strong></span> <span class='ocrx_word' id='word_1_168' title='bbox 269 2713 377 2771; x_wconf 88' lang='lat' dir='ltr'><strong>habent</strong></span> <span class='ocrx_word' id='word_1_169' title='bbox 392 2711 474 2780; x_wconf 89' lang='lat' dir='ltr'><strong>vires,</strong></span> <span class='ocrx_word' id='word_1_170' title='bbox 491 2716 586 2771; x_wconf 80' lang='lat' dir='ltr'><strong>esseut</strong></span> <span class='ocrx_word' id='word_1_171' title='bbox 596 2709 795 2788; x_wconf 84' lang='lat' dir='ltr'><strong>impossibilia.</strong></span> <span class='ocrx_word' id='word_1_172' title='bbox 838 2711 969 2770; x_wconf 84' lang='lat' dir='ltr'><strong>Gratiam</strong></span> <span class='ocrx_word' id='word_1_173' title='bbox 985 2713 1134 2771; x_wconf 88' lang='lat' dir='ltr'><strong>dicosuffi-</strong></span> <span class='ocrx_word' id='word_1_174' title='bbox 1194 2701 1195 2750; x_wconf 70' lang='lat' dir='ltr'><strong>l</strong></span> 
     </span>
     <span class='ocr_line' id='line_1_24' title="bbox 183 2809 1130 2887; baseline 0.002 -18"><span class='ocrx_word' id='word_1_175' title='bbox 183 2811 307 2870; x_wconf 86' lang='lat' dir='ltr'><strong>cientem</strong></span> <span class='ocrx_word' id='word_1_176' title='bbox 318 2817 370 2869; x_wconf 86' lang='lat' dir='ltr'><strong>out</strong></span> <span class='ocrx_word' id='word_1_177' title='bbox 384 2810 516 2886; x_wconf 89' lang='lat' dir='ltr'><strong>proxime</strong></span> <span class='ocrx_word' id='word_1_178' title='bbox 539 2813 591 2869; x_wconf 90' lang='lat' dir='ltr'><strong>aut</strong></span> <span class='ocrx_word' id='word_1_179' title='bbox 608 2813 737 2870; x_wconf 86' lang='lat' dir='ltr'><strong>remote:</strong></span> <span class='ocrx_word' id='word_1_180' title='bbox 759 2809 784 2868; x_wconf 91' lang='lat' dir='ltr'><strong>si</strong></span> <span class='ocrx_word' id='word_1_181' title='bbox 805 2809 891 2868; x_wconf 90' lang='lat' dir='ltr'><strong>detur</strong></span> <span class='ocrx_word' id='word_1_182' title='bbox 909 2811 1044 2887; x_wconf 86' lang='lat' dir='ltr'><strong>proxime</strong></span> <span class='ocrx_word' id='word_1_183' title='bbox 1058 2814 1130 2871; x_wconf 86' lang='lat' dir='ltr'><strong>suffi-</strong></span> 
     </span>
     <span class='ocr_line' id='line_1_25' title="bbox 184 2909 1130 2986; baseline 0.001 -19"><span class='ocrx_word' id='word_1_184' title='bbox 184 2911 270 2980; x_wconf 84' lang='lat' dir='ltr'><strong>ciens,</strong></span> <span class='ocrx_word' id='word_1_185' title='bbox 286 2909 343 2967; x_wconf 86' lang='lat' dir='ltr'><strong>alic</strong></span> <span class='ocrx_word' id='word_1_186' title='bbox 358 2915 469 2969; x_wconf 88' lang='lat' dir='ltr'><strong>nonest</strong></span> <span class='ocrx_word' id='word_1_187' title='bbox 482 2909 642 2970; x_wconf 89' lang='lat' dir='ltr'><strong>necessaria</strong></span> <span class='ocrx_word' id='word_1_188' title='bbox 655 2909 877 2986; x_wconf 88' lang='lat' dir='ltr'><strong>adoperandum</strong></span> <span class='ocrx_word' id='word_1_189' title='bbox 896 2933 904 2980; x_wconf 78' lang='grc' dir='ltr'><strong>ς</strong></span> <span class='ocrx_word' id='word_1_190' title='bbox 925 2910 951 2968; x_wconf 91' lang='lat' dir='ltr'><strong>si</strong></span> <span class='ocrx_word' id='word_1_191' title='bbox 965 2911 1064 2970; x_wconf 89' lang='lat' dir='ltr'><strong>statim</strong></span> <span class='ocrx_word' id='word_1_192' title='bbox 1077 2931 1130 2970; x_wconf 91' lang='lat' dir='ltr'><strong>non</strong></span> 
     </span>
     <span class='ocr_line' id='line_1_26' title="bbox 185 3008 1129 3086; baseline 0.005 -19"><span class='ocrx_word' id='word_1_193' title='bbox 185 3011 270 3069; x_wconf 87' lang='lat' dir='ltr'><strong>detur</strong></span> <span class='ocrx_word' id='word_1_194' title='bbox 294 3009 424 3085; x_wconf 83' lang='lat' dir='ltr'><strong>proxima</strong></span> <span class='ocrx_word' id='word_1_195' title='bbox 449 3010 601 3080; x_wconf 87' lang='lat' dir='ltr'><strong>sufficiens,</strong></span> <span class='ocrx_word' id='word_1_196' title='bbox 631 3008 730 3068; x_wconf 87' lang='lat' dir='ltr'><strong>statim</strong></span> <span class='ocrx_word' id='word_1_197' title='bbox 752 3029 865 3086; x_wconf 87' lang='lat' dir='ltr'><strong>semper</strong></span> <span class='ocrx_word' id='word_1_198' title='bbox 887 3012 918 3070; x_wconf 87' lang='lat' dir='ltr'><strong>et</strong></span> <span class='ocrx_word' id='word_1_199' title='bbox 940 3010 1129 3072; x_wconf 86' lang='lat' dir='ltr'><strong>infallibiliter</strong></span> 
     </span>
     <span class='ocr_line' id='line_1_27' title="bbox 187 3108 1128 3187; baseline 0.003 -20"><span class='ocrx_word' id='word_1_200' title='bbox 187 3108 274 3168; x_wconf 84' lang='lat' dir='ltr'><strong>datur</strong></span> <span class='ocrx_word' id='word_1_201' title='bbox 307 3111 416 3168; x_wconf 84' lang='lat' dir='ltr'><strong>remote</strong></span> <span class='ocrx_word' id='word_1_202' title='bbox 447 3110 600 3181; x_wconf 88' lang='lat' dir='ltr'><strong>sufficiens,</strong></span> <span class='ocrx_word' id='word_1_203' title='bbox 627 3129 693 3186; x_wconf 91' lang='lat' dir='ltr'><strong>qua,</strong></span> <span class='ocrx_word' id='word_1_204' title='bbox 709 3111 747 3187; x_wconf 66' lang='lat' dir='ltr'><strong>{si</strong></span> <span class='ocrx_word' id='word_1_205' title='bbox 770 3109 843 3168; x_wconf 87' lang='lat' dir='ltr'><strong>velit</strong></span> <span class='ocrx_word' id='word_1_206' title='bbox 862 3113 892 3169; x_wconf 89' lang='lat' dir='ltr'><strong>et</strong></span> <span class='ocrx_word' id='word_1_207' title='bbox 909 3115 1040 3185; x_wconf 89' lang='lat' dir='ltr'><strong>conetur,</strong></span> <span class='ocrx_word' id='word_1_208' title='bbox 1062 3115 1128 3172; x_wconf 91' lang='lat' dir='ltr'><strong>bene</strong></span> 
     </span>
     <span class='ocr_line' id='line_1_28' title="bbox 189 3189 1194 3288; baseline 0.006 -22"><span class='ocrx_word' id='word_1_209' title='bbox 189 3213 272 3268; x_wconf 86' lang='lat' dir='ltr'><strong>utens</strong></span> <span class='ocrx_word' id='word_1_210' title='bbox 295 3207 394 3268; x_wconf 88' lang='lat' dir='ltr'><strong>statim</strong></span> <span class='ocrx_word' id='word_1_211' title='bbox 407 3207 605 3270; x_wconf 85' lang='lat' dir='ltr'><strong>infallibiliter</strong></span> <span class='ocrx_word' id='word_1_212' title='bbox 617 3208 738 3288; x_wconf 89' lang='lat' dir='ltr'><strong>recipiet</strong></span> <span class='ocrx_word' id='word_1_213' title='bbox 759 3209 883 3286; x_wconf 76' lang='lat' dir='ltr'><strong>gratiam</strong></span> <span class='ocrx_word' id='word_1_214' title='bbox 906 3209 1038 3288; x_wconf 86' lang='lat' dir='ltr'><strong>proxime</strong></span> <span class='ocrx_word' id='word_1_215' title='bbox 1055 3213 1126 3272; x_wconf 89' lang='lat' dir='ltr'><strong>suffi-</strong></span> <span class='ocrx_word' id='word_1_216' title='bbox 1193 3189 1194 3208; x_wconf 13' lang='grc' dir='ltr'><strong>Χ</strong></span> 
     </span>
     <span class='ocr_line' id='line_1_29' title="bbox 186 3311 320 3369; baseline 0.007 -1"><span class='ocrx_word' id='word_1_217' title='bbox 186 3311 320 3369; x_wconf 88' lang='lat' dir='ltr'><strong>cientem.</strong></span> 
     </span>
    </p>

    <p class='ocr_par' dir='ltr' id='par_1_5' title="bbox 186 3406 1193 3588">
     <span class='ocr_line' id='line_1_30' title="bbox 229 3406 1125 3485; baseline 0.002 -19"><span class='ocrx_word' id='word_1_218' title='bbox 229 3413 293 3470; x_wconf 84' lang='lat'>102.</span> <span class='ocrx_word' id='word_1_219' title='bbox 316 3407 361 3470; x_wconf 85' lang='lat'><strong>11.</strong></span> <span class='ocrx_word' id='word_1_220' title='bbox 384 3407 484 3474; x_wconf 77' lang='lat' dir='ltr'><strong>Quoad</strong></span> <span class='ocrx_word' id='word_1_221' title='bbox 497 3406 597 3467; x_wconf 87' lang='lat' dir='ltr'><strong>fideles</strong></span> <span class='ocrx_word' id='word_1_222' title='bbox 610 3410 780 3485; x_wconf 84' lang='lat' dir='ltr'><strong>peccatores,</strong></span> <span class='ocrx_word' id='word_1_223' title='bbox 796 3407 852 3466; x_wconf 91' lang='lat' dir='ltr'><strong>duo</strong></span> <span class='ocrx_word' id='word_1_224' title='bbox 863 3410 933 3468; x_wconf 88' lang='lat' dir='ltr'><strong>sunt</strong></span> <span class='ocrx_word' id='word_1_225' title='bbox 946 3409 982 3468; x_wconf 89' lang='lat' dir='ltr'><strong>ab</strong></span> <span class='ocrx_word' id='word_1_226' title='bbox 996 3409 1033 3470; x_wconf 89' lang='lat' dir='ltr'><strong>iis</strong></span> <span class='ocrx_word' id='word_1_227' title='bbox 1044 3409 1125 3470; x_wconf 88' lang='lat' dir='ltr'><strong>officia</strong></span> 
     </span>
     <span class='ocr_line' id='line_1_31' title="bbox 186 3507 1193 3588; baseline 0.005 -23"><span class='ocrx_word' id='word_1_228' title='bbox 186 3509 355 3584; x_wconf 85' lang='lat' dir='ltr'><strong>praestanda.</strong></span> <span class='ocrx_word' id='word_1_229' title='bbox 413 3509 451 3568; x_wconf 85' lang='lat'><strong>10.</strong></span> <span class='ocrx_word' id='word_1_230' title='bbox 484 3507 631 3566; x_wconf 79' lang='lat' dir='ltr'><strong>Tenentur</strong></span> <span class='ocrx_word' id='word_1_231' title='bbox 652 3527 690 3566; x_wconf 87' lang='lat' dir='ltr'><strong>ex</strong></span> <span class='ocrx_word' id='word_1_232' title='bbox 713 3527 795 3586; x_wconf 83' lang='lat' dir='ltr'><strong>aequo</strong></span> <span class='ocrx_word' id='word_1_233' title='bbox 816 3527 883 3567; x_wconf 92' lang='lat' dir='ltr'><strong>cum</strong></span> <span class='ocrx_word' id='word_1_234' title='bbox 902 3508 994 3586; x_wconf 85' lang='lat' dir='ltr'><strong>justis</strong></span> <span class='ocrx_word' id='word_1_235' title='bbox 1015 3509 1123 3587; x_wconf 87' lang='lat' dir='ltr'><strong>implere</strong></span> <span class='ocrx_word' id='word_1_236' title='bbox 1192 3583 1193 3588; x_wconf 8' lang='grc' dir='ltr'>η</span> 
     </span>
    </p>

    <p class='ocr_par' dir='ltr' id='par_1_6' title="bbox 84 3603 1122 3790">
     <span class='ocr_line' id='line_1_32' title="bbox 84 3603 1122 3687; baseline 0.007 -25"><span class='ocrx_word' id='word_1_237' title='bbox 84 3625 86 3629; x_wconf 93' lang='grc'><strong><em>·</em></strong></span> <span class='ocrx_word' id='word_1_238' title='bbox 185 3611 346 3683; x_wconf 74' lang='lat' dir='ltr'><strong>praecepta,</strong></span> <span class='ocrx_word' id='word_1_239' title='bbox 370 3603 413 3680; x_wconf 88' lang='lat'><strong>2⁰,</strong></span> <span class='ocrx_word' id='word_1_240' title='bbox 429 3609 565 3666; x_wconf 90' lang='lat' dir='ltr'><strong>tenentur</strong></span> <span class='ocrx_word' id='word_1_241' title='bbox 578 3607 743 3684; x_wconf 88' lang='lat' dir='ltr'><strong>resipiscere</strong></span> <span class='ocrx_word' id='word_1_242' title='bbox 757 3628 774 3666; x_wconf 89' lang='lat' dir='ltr'><strong>a</strong></span> <span class='ocrx_word' id='word_1_243' title='bbox 786 3607 919 3684; x_wconf 86' lang='lat' dir='ltr'><strong>peccatis,</strong></span> <span class='ocrx_word' id='word_1_244' title='bbox 935 3609 972 3666; x_wconf 92' lang='lat' dir='ltr'><strong>ad</strong></span> <span class='ocrx_word' id='word_1_245' title='bbox 985 3611 1062 3687; x_wconf 89' lang='lat' dir='ltr'><strong>quod</strong></span> <span class='ocrx_word' id='word_1_246' title='bbox 1073 3629 1122 3669; x_wconf 91' lang='lat' dir='ltr'><strong>non</strong></span> 
     </span>
     <span class='ocr_line' id='line_1_33' title="bbox 185 3707 1121 3790; baseline 0.011 -27"><span class='ocrx_word' id='word_1_247' title='bbox 185 3709 322 3765; x_wconf 87' lang='lat' dir='ltr'><strong>tenentur</strong></span> <span class='ocrx_word' id='word_1_248' title='bbox 340 3707 425 3786; x_wconf 90' lang='lat' dir='ltr'><strong>justi.</strong></span> <span class='ocrx_word' id='word_1_249' title='bbox 477 3708 613 3790; x_wconf 80' lang='lat' dir='ltr'><strong>Suppono</strong></span> <span class='ocrx_word' id='word_1_250' title='bbox 634 3711 797 3788; x_wconf 85' lang='lat' dir='ltr'><strong>peccatores</strong></span> <span class='ocrx_word' id='word_1_251' title='bbox 825 3726 879 3783; x_wconf 81' lang='lat' dir='ltr'><strong>nec</strong></span> <span class='ocrx_word' id='word_1_252' title='bbox 908 3708 1061 3784; x_wconf 79' lang='lat' dir='ltr'><strong>obduratos</strong></span> <span class='ocrx_word' id='word_1_253' title='bbox 1077 3729 1121 3773; x_wconf 82' lang='lat' dir='ltr'><strong>nec</strong></span> 
     </span>
    </p>
   </div>
   <div class='ocr_carea' id='block_1_3' title="bbox 0 0 1212 4318">
    <p class='ocr_par' dir='ltr' id='par_1_7' title="bbox 0 0 1212 4318">
     <span class='ocr_line' id='line_1_34' title="bbox 0 0 1212 4318; baseline 0 0"><span class='ocrx_word' id='word_1_254' title='bbox 0 0 1212 4318; x_wconf 95' lang='lat' dir='ltr'><strong> </strong></span> 
     </span>
    </p>
   </div>
  </div>
 </body>
</html>
