2424 4300
189 428 248 506 146
562 424 617 488 De
635 424 764 489 Gratus.
1001 431 1097 514 [msr.
1114 451 1143 493 r.

226 595 294 653 ⁴⁶63.
316 591 485 650 Notandum
499 593 551 662 est,
574 611 612 648 ex
626 591 756 649 doctrina
767 593 928 653 affirmante
941 599 1142 657 necessitatem

186 692 287 768 gratim
301 690 423 749 actualis
444 691 480 747 ad
502 689 743 766 perseverantiam
763 693 930 752 nullomodo
944 697 1079 756 concludi
1093 699 1142 756 de-

184 795 252 852 bere
274 790 397 865 gretiam
418 790 598 847 habitualem
613 808 680 847 suaa
704 789 793 850 etiam
806 793 838 849 in
852 794 1025 853 auxiliando
1046 803 1145 872 partes

186 912 243 950 non
266 891 384 948 habere.
427 889 452 946 E
476 888 619 948 contrario
643 893 757 947 eertum
782 906 825 949 est
851 892 1008 968 “gratiam
1029 895 1142 971 justifi-

185 995 300 1050 cantem
321 1009 380 1047 non
402 989 495 1047 nolum
515 989 628 1047 auferre
648 993 810 1064 peceatum,
833 991 988 1050 sedetiam
1002 995 1146 1072 adjuvare

185 1092 331 1150 hominem
349 1090 465 1166 justum
480 1089 514 1148 nd
535 1089 662 1148 cavenda
682 1093 807 1165 peecata,
829 1094 860 1150 et
879 1099 1093 1170 consequenter
1106 1097 1144 1154 ad

185 1189 337 1266 suiipsius
351 1189 628 1249 conservationem.”
658 1188 780 1263 Suram,
793 1209 818 1249 e.
829 1195 857 1261 2,
868 1209 898 1251 n.
913 1195 947 1250 11
962 1214 970 1251 :
992 1193 1054 1253 rid.
1070 1195 1099 1254 d.
1112 1201 1141 1268 6,

184 1309 213 1348 u.
238 1293 284 1348 89.

223 1389 291 1449 ⁴³64.
312 1389 437 1466 Insuper
460 1388 619 1448 notandum
643 1391 687 1447 est
709 1387 854 1448 auxilium
878 1389 954 1448 illud
977 1391 1079 1452 datum
1104 1397 1141 1452 ud

183 1488 426 1566 perseverandum
453 1507 511 1546 non
538 1507 599 1547 esse
633 1506 745 1564 semper
772 1487 864 1546 solum
889 1489 1052 1562 internum,
1087 1495 1140 1551 sed

184 1587 299 1666 sepius,
319 1591 348 1647 et
363 1591 450 1664 prout
468 1607 514 1646 res
531 1587 667 1664 postulet,
683 1587 770 1646 etiam
785 1589 940 1647 externum
953 1609 1031 1662 esse;
1056 1611 1139 1650 oeca-

183 1688 276 1748 siones
290 1687 401 1765 peceati
416 1687 583 1758 amovendo,
598 1685 764 1758 minuendo,
780 1689 987 1763 temperand03
1008 1690 1140 1769 impetus

184 1788 346 1847 daemonum
362 1787 516 1845 coercendo
532 1809 540 1855 ς
563 1789 612 1845 dte.
1101 1869 1105 1876 ι

222 1895 298 1952 ⁴⁶65.
325 1893 476 1960 Quaeritur.
506 1895 556 1949 An
568 1891 603 1949 ad
617 1890 866 1967 perseverandum,
888 1893 996 1968 praeter
1010 1895 1136 1970 gratiam

183 1991 361 2050 habitualem
383 1997 414 2048 et
433 1989 544 2049 auxilia
566 1989 593 2047 ei
616 1989 772 2056 intrinsece
790 1989 896 2063 debita,
922 1991 989 2049 aliis
1013 1995 1139 2057 auxiliis

184 2089 283 2164 gratiae
295 2090 416 2148 actualis
426 2088 688 2165 indigueritrldam
696 2088 728 2147 in
737 2092 815 2148 statu
824 2088 1022 2150 innocentiae?
1048 2093 1134 2154 Nota

183 2192 256 2248 Ham
270 2191 400 2266 quaestio,
415 2190 446 2246 in
461 2191 603 2248 abstracto
614 2191 750 2265 spectata,
761 2188 874 2248 diversa
887 2193 930 2248 est
944 2211 962 2248 a
975 2193 1137 2267 qurestione

181 2289 326 2368 proposita
340 2291 366 2348 d.
388 2295 415 2360 3,
437 2309 466 2349 n.
484 2292 560 2349 113:
585 2308 766 2366 perseverare
785 2289 863 2346 enim
883 2289 960 2348 nihil
979 2290 1064 2350 uliud
1084 2312 1136 2369 per

181 2409 211 2447 se
225 2395 269 2448 eet
283 2409 370 2466 quam
391 2391 542 2464 peecatum
557 2387 677 2446 mortale
690 2387 798 2458 vitare;
821 2387 901 2446 aliud
914 2407 983 2447 vero
1003 2395 1050 2450 est
1062 2411 1134 2468 opus

179 2491 304 2550 salutare
318 2489 418 2548 faeere.

217 2591 286 2649 ⁴⁵66.
307 2589 391 2665 Reap.
424 2589 513 2646 Dooet
533 2587 649 2646 Surum
674 2587 712 2664 (e.
728 2592 754 2659 9,
774 2605 800 2644 n.
815 2591 843 2659 4,
861 2587 903 2664 5),
922 2587 960 2644 ad
970 2590 1134 2664 potentiam

176 2689 377 2766 perseverandi
403 2706 462 2744 non
483 2687 573 2745 fuisse
597 2685 791 2746 necessarium
815 2685 959 2744 auxilium
981 2687 1133 2764 speciale:

176 2789 253 2866 quod
267 2789 343 2847 enim
357 2787 454 2845 reddit
467 2785 612 2844 auxilium
625 2785 703 2844 illud
717 2785 799 2845 nobie
815 2785 904 2861 justis
919 2788 1128 2860 necessarium,

176 2889 416 2964 impedimentum
435 2904 539 2962 nempe
561 2905 598 2944 ex
616 2890 720 2943 natura
731 2884 883 2962 inquinata
896 2887 926 2943 et
939 2884 1099 2958 infirmata,
1115 2908 1131 2945 a

176 2993 255 3046 statu
276 2985 448 3043 innoeentiae
468 2985 574 3043 aberet.
620 2985 664 3043 Ad
683 2983 926 3060 perseverandum
939 3002 1008 3042 vero
1033 2991 1130 3043 “eum

176 3093 281 3150 effectu
305 3096 334 3148 et
354 3089 558 3160 infallibiliter,
581 3089 705 3164 speciale
729 3089 835 3146 donum
859 3088 968 3164 gratioe,
992 3089 1084 3148 etiam
1098 3092 1129 3148 in

177 3189 300 3265 Angelis
313 3189 361 3245 vel
374 3186 490 3244 homine
498 3185 529 3243 in
538 3191 616 3244 statu
630 3186 803 3246 innocentiae
814 3187 1004 3245 necessarium
1017 3189 1129 3246 fuisse''

176 3272 265 3347 tenet.
299 3287 347 3344 Ita
361 3303 475 3362 quoque
490 3283 600 3357 Gornr,
614 3291 650 3343 tr.
667 3289 693 3356 8,
706 3287 733 3344 d.
749 3290 774 3357 l,
791 3305 819 3344 n.
835 3290 892 3343 369
902 3308 910 3358 ;
932 3285 1039 3358 Gemi,
1056 3306 1087 3364 q.
1103 3291 1126 3358 1,

173 3391 202 3448 d.
220 3393 265 3462 13,
281 3409 308 3446 n.
325 3392 372 3447 36.

212 3490 280 3547 ⁴⁶67.
303 3490 411 3546 Censeo
434 3483 586 3565 sequentia
604 3505 663 3544 non
683 3486 814 3546 recedere
827 3506 844 3545 a
857 3487 988 3546 doctrina
1001 3487 1127 3548 istorum

171 3587 419 3650 auctorum-nisi
440 3588 535 3646 forsan
556 3587 588 3646 in
607 3587 644 3645 iis
665 3605 731 3664 quae
749 3591 880 3664 spectant
893 3589 930 3646 ad
943 3607 1043 3647 eorum
1058 3608 1124 3648 sen·

170 3690 277 3753 tentius
291 3691 326 3750 de
338 3694 440 3750 natura
454 3689 556 3766 gratiae
571 3689 701 3761 efficacis,
717 3689 753 3748 de
766 3709 825 3768 qua
838 3690 917 3749 alibi.
933 3689 972 3749 10.
1007 3690 1071 3749 Neo
1086 3693 1123 3751 ad
