2410 4318
171 415 234 480 206
543 410 599 476 De
617 409 746 477 Gratzu
939 411 1046 498 [mer.
1063 432 1128 478 vn.

209 580 279 639 ⁴⁵48.
293 578 335 638 2⁰.
364 577 456 638 Valde
478 575 620 654 displioet,
646 596 742 654 neque
764 577 826 636 nlla
843 577 956 636 ratione
976 577 1132 654 probabili

171 677 308 740 sustineri
338 680 442 756 potest,
467 677 620 750 sententie,
649 697 738 755 quam
765 678 939 755 quibusdum
962 678 1133 738 Themistis

170 777 288 840 stenbit
300 777 380 840 Vm
393 776 435 856 (d.
451 781 477 849 l,
492 796 520 853 q.
534 780 562 849 4,
577 796 608 836 n.
624 779 666 855 5),
682 777 826 836 affirmans
841 777 1054 838 “voluntatem
1067 798 1132 837 non

170 895 338 938 oonourrere
356 876 475 955 physioe
498 877 535 936 ud
558 881 640 936 sotus
659 877 808 950 salutares,
829 881 918 954 etque
938 879 1011 937 odeo
1030 881 1131 938 totum

169 978 309 1040 virtutem
319 977 495 1056 producendi
512 978 578 1036 illos
591 997 653 1038 esse
667 978 791 1054 gretiam
804 978 1030 1039 auxiliantem.''

209 1081 278 1142 ω49.
300 1079 345 1143 3⁰.
366 1079 432 1140 Etsi
444 1079 553 1156 duplex
566 1082 611 1140 est
623 1079 799 1157 principium
811 1080 915 1156 operis,
930 1081 1027 1158 gratis
1039 1081 1129 1159 odju-

169 1201 242 1243 vens
254 1181 434 1242 voluntatem
447 1185 477 1242 et
490 1181 625 1242 voluntes
634 1180 697 1259 ipse
711 1181 752 1240 sie
764 1181 882 1258 adjuto3
903 1185 935 1242 et
947 1182 1005 1241 etsi
1018 1183 1142 1254 volun,

169 1285 215 1344 tes
227 1281 283 1342 ‘est
296 1299 390 1358 ,sousa
411 1280 505 1359 operis
532 1280 735 1358 proximo—et
755 1282 828 1341 bene
849 1300 918 1358 ergo
943 1281 1004 1340 diei
1029 1287 1130 1359 potest

169 1381 293 1460 gretiam
315 1381 372 1441 Dei
392 1385 422 1442 et
443 1381 567 1442 liberum
599 1382 750 1442 arbitrium
779 1402 840 1442 esse
861 1401 963 1442 causas
985 1384 1128 1460 partiales

169 1483 265 1562 operis
287 1481 442 1556 salutarim
465 1485 594 1543 attamen
615 1483 718 1544 melior
732 1487 776 1542 est
789 1485 892 1542 modus
913 1484 1066 1562 loquendi,
1082 1505 1126 1544 se·

171 1585 299 1647 eundum
319 1605 407 1664 quem
421 1604 493 1663 opus
506 1585 651 1645 tribuitur
670 1586 770 1662 gratioe
784 1589 820 1646 ut
832 1605 925 1645 oausae
940 1587 1005 1663 ejus
1018 1587 1125 1658 totali;

171 1691 230 1749 tum
239 1687 308 1766 quio
321 1686 368 1747 hie
379 1687 481 1746 modus
490 1687 629 1764 loquendi
643 1686 813 1746 conformior
827 1690 871 1746 est
883 1687 969 1746 modo
983 1688 1126 1764 loquendi

172 1787 330 1866 Soripturae
345 1791 375 1848 et
388 1789 526 1860 Petrum
550 1793 608 1847 tum
622 1788 699 1864 quia,
722 1787 777 1847 etsi
796 1807 848 1846 nos
861 1789 923 1847 Deo
937 1808 1126 1866 eooperemor

170 1886 203 1947 in
217 1887 279 1964 ipso
293 1905 378 1965 opere
399 1886 538 1960 feriendo,
562 1886 642 1946 Deus
667 1891 763 1946 tamen
783 1891 827 1946 est
848 1887 900 1964 qui
924 1887 1003 1946 solus
1017 1891 1049 1948 et
1061 1888 1124 1947 sine

171 1985 254 2047 nobis
273 1985 413 2048 exeitevit
427 1987 464 2046 ed
477 2005 549 2064 opus
571 1985 746 2057 feriendum,
761 1991 791 2045 et
805 2005 870 2062 ergo
884 2007 953 2047 vere
967 1992 999 2046 et
1007 1988 1125 2064 proprie

171 2091 216 2148 est
229 2105 316 2147 ouuso
337 2087 401 2165 ejus
418 2087 513 2165 primo
535 2087 614 2161 sole3
638 2091 697 2146 tum
720 2087 798 2164 quie,
820 2089 890 2146 dum
910 2107 964 2146 nos
986 2089 1083 2164 gratio
1096 2095 1126 2148 et

171 2187 319 2250 exoitsnte
332 2193 363 2249 et
376 2189 535 2268 adjuvante
558 2188 730 2266 indigemus,
754 2193 871 2266 propter
891 2193 1021 2249 nostram
1033 2191 1125 2268 impo-

169 2289 292 2351 tentium
314 2290 474 2351 absolutam
504 2291 697 2368 quodeunque
722 2291 846 2350 salutare
869 2292 1016 2367 operandi,
1045 2293 1125 2351 Deus

168 2391 297 2448 nostram
319 2387 549 2465 cooperationem
569 2387 672 2464 exigit,
695 2407 754 2446 non
777 2387 847 2464 quie
865 2407 924 2446 non
943 2392 1041 2466 potest
1053 2408 1125 2466 opus

169 2486 233 2548 sine
246 2507 280 2550 ee
293 2487 412 2560 efficere,
435 2487 486 2547 sed
506 2487 575 2564 quie
587 2488 652 2546 vult
666 2490 702 2547 ut
716 2506 788 2563 opus
801 2487 891 2546 libere
905 2507 922 2546 a
935 2487 1019 2547 nobis
1032 2488 1124 2548 efliee·

169 2591 268 2663 retur;
292 2593 351 2649 tum
371 2588 442 2667 quio
465 2592 528 2650 tote
551 2588 626 2648 rotio
647 2587 809 2666 dignitatis,
836 2607 1026 2666 quaeoumque
1040 2590 1123 2650 sitin

170 2709 263 2766 opere,
280 2709 318 2748 ex
331 2689 392 2748 sole
405 2688 499 2763 gretie
513 2691 565 2748 est.
608 2687 666 2748 Sed
678 2707 778 2748 revera
790 2689 853 2748 haee
868 2689 1000 2766 quaestio,
1017 2693 1053 2748 ut
1062 2690 1123 2767 jem

169 2785 351 2844 insinuatum
361 2788 414 2856 est,
427 2785 546 2843 modum
555 2788 670 2844 tentum
683 2785 822 2862 loquendi
831 2785 968 2862 respicit:
990 2785 1124 2847 videatur

171 2885 292 2956 Sunnm,
308 2884 344 2943 de
358 2883 467 2957 Gratia,
483 2883 504 2944 l.
520 2889 547 2955 3,
564 2903 588 2943 o.
605 2886 653 2945 27.

210 2985 279 3043 ⁴⁶50.
304 2984 450 3054 Queritur
474 2985 516 3044 30.
550 2985 699 3052 Quomodo
720 2985 883 3064 explicetur
906 2987 1052 3046 sententia
1070 2987 1120 3046 illo

170 3085 200 3145 S.
215 3085 384 3161 Augustini,
399 3084 432 3144 in
445 3086 521 3145 libro
536 3086 571 3146 de
587 3088 683 3146 Gestis
705 3088 824 3164 Pelagii.
838 3107 867 3146 n.
884 3092 901 3153 5
917 3089 1118 3148 :—“Proeul-
1201 3153 1202 3162 χ

170 3183 259 3244 dubio
280 3184 348 3262 plus
371 3188 417 3245 est
440 3186 488 3262 egi
509 3204 597 3262 quem
619 3187 700 3262 regi:
724 3187 776 3264 qui
789 3187 868 3246 enim
881 3185 994 3263 regitur
1007 3188 1118 3265 aliquid

170 3284 240 3360 egit,
255 3288 285 3343 et
299 3302 315 3343 e
329 3283 391 3343 Deo
403 3284 514 3360 regitur
527 3287 561 3343 ut
574 3289 635 3345 rent
636 3305 651 3345 e
665 3289 745 3362 egot3
760 3285 812 3362 qui
825 3296 923 3345 eutem
931 3285 1029 3362 egitur
1038 3306 1119 3364 ogere

171 3382 305 3460 aliquid
296 3403 358 3460 ipse
371 3383 423 3442 vix
437 3382 659 3460 intelligitur?''

211 3484 279 3542 ⁴³51.
301 3483 412 3560 Baelo!
416 3485 502 3543 Ideo
512 3484 637 3544 liberum
647 3483 801 3547 arbitrium
815 3505 832 3545 a
847 3490 913 3562 gret
913 3507 942 3547 re
954 3488 997 3546 rto
1010 3487 1114 3564 egitur,

171 3582 316 3660 utipsum
336 3603 420 3661 ogere
443 3582 497 3644 vix
519 3583 716 3660 intelligatur;
739 3585 905 3662 quiaillud
927 3588 987 3645 suis
1007 3587 1118 3647 viribus

172 3683 353 3744 naturalibus
375 3683 478 3762 nequit
500 3683 656 3761 producere
680 3687 779 3744 netum
800 3686 1052 3763 supernaturalem
1063 3708 1071 3761 ;
1091 3691 1118 3747 et
