2402 4292
143 321 205 404 366
512 317 567 384 Da
585 316 721 386 Gratia.
960 320 1060 406 [nrse.
1075 341 1104 384 x

143 507 229 565 super
242 507 339 548 omnes
353 485 405 564 qui
421 486 543 546 credunt
560 485 593 544 in
613 507 679 546 eum
684 532 818 549 .....
837 491 934 556 Quem
955 489 1106 564 proposuit

140 589 220 649 Deus
233 588 469 666 propitiationem
486 607 539 664 per
551 587 639 646 fidem
658 589 692 647 in
712 590 857 666 sanguine
874 590 984 666 ipsius.
1009 634 1016 647 .
1042 637 1049 650 .
1071 634 1078 648 .
1099 634 1105 646 .

140 689 309 750 Justificans
329 709 396 750 eum
410 687 464 765 qui
484 691 528 746 est
548 707 587 746 ex
606 688 664 748 fide
684 689 757 748 Jesu
773 687 914 748 Christi''
959 690 1050 747 Rom.
1065 690 1105 746 iii.

141 793 188 861 22,
216 796 264 864 25,
295 797 342 851 26.
396 791 528 850 “Gratia
555 791 632 850 enim
660 793 732 851 estis
760 793 867 852 salvati
902 813 958 870 per
987 794 1105 852 fidem.”

140 892 246 970 Ephes.
260 890 292 950 ii.
305 895 333 952 8.
375 893 424 950 Ita
440 891 515 950 etin
532 891 597 950 aliis
611 892 748 968 pluribus
763 893 906 953 textibus.

180 991 275 1069 Atqui
288 991 320 1050 in
333 993 377 1050 tot
389 991 455 1050 istis
468 990 599 1050 textibus
618 991 704 1051 fidem
727 993 818 1050 solem
837 993 1009 1064 memorari,
1023 995 1106 1053 nulla

141 1092 199 1152 alie
211 1091 375 1150 conditione
389 1092 426 1150 ad
440 1091 678 1168 justificationem
693 1093 835 1169 apposita,
855 1093 942 1152 nulla
956 1094 1019 1152 alia
1031 1095 1105 1152 ratio

140 1191 222 1250 reddi
241 1193 337 1268 potest
354 1191 412 1250 nisi
432 1192 510 1268 quod
529 1192 600 1250 fides
621 1193 680 1250 sola
699 1191 738 1251 sit
756 1192 884 1251 conditio
904 1194 943 1252 ad
953 1193 1103 1271 justifica-

140 1290 259 1350 tionem.
302 1292 350 1350 Ita
363 1310 462 1350 omnes
476 1289 632 1350 adversarii
646 1293 676 1350 et
688 1295 803 1352 veteres
817 1297 847 1352 et
860 1298 1009 1352 recentes.

181 1395 228 1452 57.
249 1391 335 1466 Bcap.
367 1391 408 1451 10.
428 1390 585 1466 Distinguo
618 1391 744 1467 primam
770 1392 1024 1468 propositionem:
1066 1395 1103 1452 In

140 1490 272 1550 textibus
285 1491 359 1562 istis,
376 1510 428 1549 seu
441 1493 578 1550 textuum
592 1490 701 1564 incisis,
717 1493 802 1550 nulla
816 1493 874 1551 elia
887 1496 1003 1570 praeter
1017 1495 1103 1553 fidem

140 1594 315 1650 memoratur
342 1590 479 1662 conditio,
510 1610 561 1649 sen
588 1591 694 1656 diserte
716 1592 919 1667 significatur:
950 1593 1103 1653 Concedo:

141 1691 179 1750 In
192 1691 257 1750 istis
271 1692 403 1750 textibus
416 1691 498 1748 nulla
515 1689 573 1750 alia
592 1690 719 1748 conditio
734 1693 911 1750 subauditur
924 1696 956 1751 et
969 1693 1103 1771 implica-

143 1796 200 1864 tur,
217 1790 313 1850 autin
334 1791 398 1848 aliis
416 1790 517 1848 incisis
536 1791 657 1847 istorum
671 1793 820 1862 textuum,
835 1791 884 1850 vel
901 1791 976 1850 alibi
994 1793 1028 1851 in
1041 1793 1104 1851 aliis

145 1896 285 1972 textibus,
300 1896 382 1954 nulla
396 1895 452 1954 alia
465 1894 592 1954 conditio
607 1893 713 1954 diserte
723 1898 924 1954 memoratur:
952 1896 1048 1972 Nego.
1061 1897 1102 1972 (a)

145 1997 183 2054 In
195 1996 258 2055 loco
272 1997 341 2056 Luc.
355 1995 405 2054 vii.
420 1995 520 2054 eadem
534 1994 663 2071 ejusdem
679 1993 854 2070 justificatio
868 1999 912 2054 ter
927 1995 1100 2067 declarabit,

146 2114 219 2154 vers.
234 2095 282 2166 47,
298 2095 346 2165 48,
361 2099 400 2155 50
412 2114 452 2152 :-
465 2093 696 2152 “Remittentur
715 2093 743 2151 ei
759 2097 882 2168 peccata
901 2094 1011 2167 multa,
1035 2114 1101 2171 quc·

146 2196 225 2256 niam
239 2195 339 2255 ditabit
352 2195 481 2255 multum
483 2237 584 2254 .....
600 2194 809 2253 Remittentur
822 2193 880 2255 tibi
889 2200 1023 2271 peccata.
1046 2241 1053 2257 .
1073 2241 1080 2255 .
1094 2236 1101 2254 .

148 2301 232 2360 atta
245 2303 297 2360 tue
310 2303 339 2360 te
354 2298 563 2358 salvemfecit:
594 2298 667 2358 vade
680 2297 819 2358 infaee.'’
860 2299 931 2358 Non
945 2299 1047 2359 minus
1058 2300 1102 2358 hic

149 2401 297 2462 dilectioni
308 2421 395 2478 quam
404 2401 473 2461 fidei
488 2399 643 2460 ascribitur
653 2397 848 2476 justificatio:
868 2399 928 2458 imo
944 2400 1101 2471 dilectioni,

147 2507 183 2562 ut
197 2501 380 2580 dispositioni
394 2500 573 2578 proximiori,
595 2499 689 2577 primo
702 2499 765 2557 loco
779 2498 951 2560 ascribitur.
992 2501 1041 2578 (b)
1060 2502 1103 2559 Ex

148 2601 280 2662 textibus
301 2601 334 2661 in
354 2604 453 2662 nostra
473 2599 642 2678 probatione
662 2597 758 2658 allatis
778 2601 893 2658 constat
913 2599 990 2658 alias
1010 2600 1102 2660 condi·

148 2701 242 2761 tiones
256 2701 328 2761 alibi
340 2700 372 2760 in
386 2701 451 2760 aliis
464 2700 535 2760 locis
548 2701 654 2760 diserte
667 2697 832 2758 memorari.
875 2698 920 2776 (c)
934 2701 987 2758 Ex
1000 2700 1103 2778 quibus
1178 2689 1179 2708 ³

150 2801 281 2878 sequitur
294 2801 360 2860 illas
380 2801 451 2860 alias
468 2799 647 2860 conditiones
667 2798 700 2857 in
712 2798 847 2858 textibus
861 2799 987 2877 objectis
1001 2801 1101 2859 subau·
1117 2775 1137 2820 δ

150 2891 245 2960 ‹tiri'et
255 2901 398 2979 implicari
410 2921 416 2962 :
439 2903 514 2980 quod
527 2921 565 2961 ex
576 2903 636 2978 jam
647 2900 775 2960 dicendis
786 2899 896 2961 clarius
907 2904 938 2960 et
948 2902 1102 2961 clarissime

148 3002 269 3079 patebit.

190 3109 239 3166 58.
260 3105 345 3180 Raip.
361 3106 403 3163 2⁰.
433 3103 516 3182 Nego
541 3104 695 3163 secundam
715 3101 943 3179 propositionem
965 3103 1101 3162 absolute.

151 3207 178 3266 Ι.
195 3205 238 3284 (a)
249 3206 336 3264 Fides
350 3209 393 3264 est
408 3211 427 3238 “
438 3207 571 3264 humanae
586 3205 687 3264 salutis
699 3204 826 3276 initium,
839 3204 1066 3264 fundamentum
1078 3209 1104 3263 et

151 3306 236 3366 radix
257 3307 350 3365 omnis
368 3307 615 3385 justificationis‚’'
639 3312 673 3366 ut
690 3307 787 3365 verbis
809 3309 877 3365 utar
898 3306 1028 3365 Consilii
1046 3307 1104 3365 Tri·

152 3407 267 3466 dentini
286 3409 367 3486 (sess.
384 3415 410 3482 6,
427 3429 487 3486 cap.
503 3409 544 3488 8).
586 3408 645 3474 tini
658 3409 745 3466 fidem
759 3408 856 3478 habet,
872 3425 905 3466 ec
919 3408 986 3483 ipso
1001 3411 1104 3467 ceteras

153 3509 331 3568 conditiones
345 3529 410 3586 quae
425 3512 484 3570 sint
496 3510 587 3582 novit,
604 3529 718 3586 easque,
734 3509 759 3567 si
772 3509 852 3579 velit,
868 3508 987 3586 assequi
1001 3513 1101 3585 potest,

156 3612 195 3680 et,
212 3610 307 3668 debite
321 3612 436 3684 orando,
447 3611 640 3681 infallibiliter
650 3613 827 3688 assequetur.
870 3608 930 3678 Qui
943 3609 1003 3668 lide
1018 3615 1100 3680 caret,
