2410 4318
34 475 151 535 mar.
171 455 251 553 vn]
320 453 634 530 DeDa‘slra'toa'one
652 455 787 530 Gratata
968 477 1028 549 229

37 627 194 702 initum,
210 645 268 688 non
281 626 375 688 solum
397 625 455 706 ipsi
468 647 486 688 a
498 625 556 690 fids
580 627 610 689 et
632 625 763 690 Ecclesia
788 625 963 704 deisoemnt,
979 627 1028 692 ssd

43 731 160 794 etiam
175 730 285 790 liberos
300 749 366 790 suos
379 729 411 789 in
423 729 528 790 hoeresi
542 729 712 790 eduoarunt.

104 834 183 891 110.
206 831 259 891 IV.
280 829 449 890 infidelium
472 829 524 890 alii
548 827 779 912 suut-negativi,
801 847 913 908 nempe,
930 829 980 907 qui
994 828 1030 889 de

48 929 125 990 fide
140 949 297 1010 nunquam
311 928 467 989 audierunt
491 948 542 988 seu
566 928 673 1008 quibus
695 929 768 990 fides
789 947 939 1007 nunquam
953 928 1030 988 suili-

51 1029 187 1090 oienter
200 1028 346 1108 proposita
366 1031 420 1102 est,
446 1047 569 1108 quornm
590 1047 657 1106 ergo
670 1028 734 1106 ipsa
746 1028 903 1089 infidelitas
915 1047 974 1088 non
988 1032 1032 1088 est

53 1131 246 1210 peecatum
269 1127 320 1188 elii
344 1129 414 1188 sunt
435 1127 562 1206 positivi,
584 1147 697 1206 nempe,
714 1127 821 1206 quibus
840 1128 912 1188 fides
925 1129 1030 1188 suffisi-

58 1232 158 1290 enter
171 1227 321 1306 proposita
333 1231 386 1300 est,
402 1227 454 1306 qui
467 1231 565 1288 tamen
587 1227 620 1287 in
644 1247 696 1287 sua
715 1227 887 1289 infidelitate
900 1231 1027 1301 manent,

59 1329 131 1402 vel,
148 1329 230 1406 quod
242 1329 325 1407 pejus
345 1331 397 1400 est,
423 1327 475 1407 qui
498 1328 585 1389 fldem
607 1327 678 1387 olim
700 1327 830 1389 habitam
852 1329 1028 1407 abjecerunt,

63 1446 204 1508 quorum
217 1447 285 1504 ergo
298 1426 456 1488 infidelitas
469 1430 513 1488 est
525 1427 589 1506 ipsa
609 1430 639 1487 st
658 1429 809 1504 peceatum
822 1431 852 1488 et
864 1448 902 1488 ox
914 1431 1031 1506 peooato

65 1531 104 1587 et
118 1546 216 1604 poene
237 1526 349 1605 peceati
372 1529 402 1586 et
421 1545 507 1587 eausa
528 1526 649 1604 peooati.
666 1538 669 1558 ²
689 1527 734 1587 De
754 1527 800 1587 his
812 1527 894 1586 nulla
908 1527 1032 1607 quaestio

67 1646 140 1688 esso
153 1631 268 1704 potest:
291 1627 356 1686 ideo
378 1627 456 1686 enim
480 1626 549 1686 adeo
573 1626 701 1703 graviter
723 1630 926 1705 peceaverunt,
952 1627 1029 1706 quia,

71 1747 148 1787 cum
160 1732 244 1788 tanta
267 1727 309 1788 eis
332 1729 426 1804 gretia
439 1728 507 1787 data
528 1729 582 1802 est,
598 1747 662 1788 eam
675 1738 858 1806 respuerunt.
899 1729 1032 1807 Proposi-

71 1827 190 1888 tionem
204 1845 269 1905 quae
283 1827 408 1887 affirmat
426 1826 593 1887 infidelibus
617 1827 759 1902 omnibus,
776 1828 862 1888 etiam
877 1829 1030 1905 negativis,

75 1926 146 1986 dari
158 1927 282 2004 prolooo
295 1930 326 1987 et
338 1931 467 2004 temporo
487 1926 610 2002 gratiam
634 1925 822 1988 sufficientem
842 1928 879 1988 ad
899 1929 1031 2004 salutem,
1070 1917 1071 1920 ¹

76 2027 191 2106 pariter
204 2031 234 2089 et
243 2028 310 2106 jure
320 2027 423 2088 merito
437 2031 577 2105 tanquam
591 2033 692 2089 oertam
706 2033 870 2106 propugnat
882 2031 1032 2090 Pannona.

81 2131 185 2190 Gratia
197 2149 265 2190 vero
280 2148 345 2207 quaa
358 2129 525 2188 infidelibus
545 2129 672 2206 primum
693 2130 836 2189 tribuitur
849 2150 907 2189 non
921 2135 974 2204 est,
989 2151 1033 2190 re·

83 2227 225 2305 gulariter
239 2227 341 2286 saltem
355 2231 406 2286 aut
418 2227 483 2304 lege
497 2229 616 2301 statuta,
637 2227 732 2302 gratia
744 2229 876 2305 proxime
890 2231 1035 2291 sufficiens

84 2328 124 2388 ad
146 2327 232 2387 fidem
254 2327 417 2386 habendam
437 2325 487 2385 vel
510 2325 598 2385 otiam
620 2325 705 2384 initia
728 2325 806 2400 fidei,
829 2327 888 2388 imo
911 2334 1035 2389 nonest

84 2427 244 2488 necessario
258 2427 306 2487 vei
316 2426 405 2486 etiam
417 2425 592 2500 regulariter
611 2424 735 2498 elevans,
758 2427 808 2486 sed
818 2431 934 2488 tantum
944 2429 1034 2488 medi-

87 2525 189 2588 cinalis
201 2529 231 2587 et
245 2526 282 2586 ed
295 2524 467 2585 servandam
489 2523 584 2599 legem
607 2522 783 2585 naturalem.
824 2523 890 2585 Hae
903 2526 998 2601 gratia
1012 2526 1038 2586 si

86 2628 159 2687 bene
167 2627 297 2699 utantur,
311 2624 370 2684 alia
380 2627 410 2684 et
422 2622 479 2682 alia
489 2622 531 2682 sis
541 2621 665 2695 dabitur,
678 2621 768 2684 donee
776 2626 919 2700 postremo
928 2624 1035 2685 lueifer

88 2725 157 2788 fidei
176 2725 284 2785 oriatur
303 2723 336 2783 in
358 2723 494 2783 cordibus
517 2741 635 2782 eorum:
659 2725 689 2783 et
710 2720 750 2795 id,
772 2741 831 2782 non
851 2722 936 2800 quasi
949 2743 1035 2801 opere

89 2825 225 2886 illafaota
246 2843 314 2884 oum
338 2822 450 2883 auxilio
469 2821 596 2881 naturali
617 2823 648 2882 et
667 2839 740 2898 pure
763 2821 931 2881 medicinali
943 2823 1036 2882 ullam

89 2926 208 2986 habeant
232 2923 373 2983 rationem
395 2921 590 3000 dispositionis
610 2920 741 2999 positivae
769 2921 805 2980 ad
825 2921 958 2998 gratiam,
986 2923 1036 2982 sed

91 3024 157 3104 quia
169 3023 206 3083 sio
220 3025 369 3083 amovetur
383 3041 433 3082 seu
442 3021 540 3098 potius
554 3039 611 3080 non
624 3019 743 3097 ponitur
762 3021 838 3080 obex
851 3021 888 3080 sd
901 3023 1033 3096 gratiam,

93 3130 123 3185 et
135 3125 216 3198 Deus,
229 3142 268 3182 ex
280 3121 431 3182 voluntate
439 3119 570 3180 salvandi
580 3139 679 3180 omnes
688 3119 828 3194 homines,
840 3121 1036 3180 infallibiliter

95 3228 142 3288 dat
162 3223 280 3302 gratiam
303 3222 436 3284 omnibus
458 3239 518 3282 non
538 3221 714 3299 ponentibus
734 3222 862 3282 obiosm:
884 3221 945 3281 vid.
960 3222 988 3282 d.
1004 3225 1032 3296 3,

95 3347 121 3387 ιι.
135 3324 235 3386 'lt-86.

134 3427 194 3485 111.
211 3425 248 3486 V.
272 3424 344 3484 “De
354 3420 516 3482 infantibus
529 3417 907 3498 estpeouliarisdiffioultas‚
919 3421 1036 3496 proptor

96 3543 140 3586 eos
160 3523 207 3601 qui
228 3521 272 3582 ita
284 3522 424 3583 videntur
446 3519 573 3580 remedio
597 3517 701 3578 salutis
715 3515 858 3592 destituti,
873 3521 910 3578 ut
923 3517 965 3578 eis
977 3537 1036 3578 non

97 3623 176 3703 possit
184 3641 234 3701 por
246 3622 402 3682 humanam
425 3619 598 3680 industriam
621 3618 670 3679 vel
689 3616 872 3695 diligentiam
885 3617 1034 3696 applicari.

99 3722 143 3789 sio
161 3721 232 3787 enim
255 3721 370 3787 aooidit·
383 3719 526 3805 imprimis
549 3718 683 3785 omuibus
706 3716 753 3782 his
771 3715 823 3803 qui
845 3715 878 3784 in
898 3717 1036 3784 maternis
