2410 4318
168 409 231 478 2³4
543 385 600 456 Dc
616 382 750 456 Gracc.
947 383 1062 484 [nm.
1079 407 1147 460 vm.

166 563 219 622 ιιιι
231 559 390 632 decernere,
407 557 459 618 du.
498 555 650 634 Ejusmodi
660 554 883 630 distinctiones,
897 558 962 618 etsi
971 579 1039 619 uon
1049 559 1147 632 reulus,

166 663 270 723 hubm
284 665 381 722 umen
389 659 614 720 fundumentum
625 657 658 720 in
670 677 703 718 re
711 661 742 718 et
751 643 878 718 omuino
888 663 998 720 rectus
1013 665 1048 720 et
1057 661 1150 740 justas

165 783 228 824 esse
240 783 292 824 suu
305 762 367 822 locu
381 759 553 838 utheolugis
565 759 740 820 ostenditur.
784 763 806 793 “
818 760 982 821 Instantis
1000 782 1097 841 porro
1106 762 1151 820 illi

166 867 373 942 nunoupsntur
385 863 524 922 ιἰιιιιιιιιια
539 861 674 933 rationis,
695 863 732 919 ut
750 860 950 938 intelligutur
963 883 1005 923 ea
1019 883 1082 924 neo
1096 883 1152 923 ceso

166 965 306 1026 instantis
337 962 485 1041 temporis,
505 980 559 1022 neo
579 961 668 1022 etium
695 963 880 1022 cuuselitctis
916 965 974 1024 vel
1014 966 1148 1042 originis,

167 1067 217 1128 sed
239 1065 345 1126 idcirco
374 1067 490 1124 uncum
524 1081 585 1122 esse
603 1061 726 1123 inventu
743 1066 774 1122 et
796 1061 931 1137 invectu,
956 1069 999 1126 ut
1023 1086 1099 1146 qum
1119 1065 1150 1125 sd

166 1167 318 1230 scientium
330 1167 361 1226 et
373 1164 554 1226 voluntatem
567 1163 632 1236 Dei,
647 1183 706 1223 uuo
729 1165 819 1224 verbo
841 1165 880 1224 cd
894 1166 922 1244 ej
927 1186 968 1226 us
983 1169 1148 1246 provides.

166 1271 240 1330 tium
263 1271 294 1328 et
316 1265 462 1344 precipue
481 1264 765 1344 predestinationem
785 1268 816 1324 et
835 1267 1097 1344 reprobationem
1109 1271 1146 1328 ut·

167 1371 244 1434 tinet
256 1368 371 1430 lucilius
384 1366 647 1444 exprimerentur.''
687 1365 733 1426 Lu
745 1367 846 1440 Fossn,
863 1387 894 1444 q.
911 1373 944 1441 5,
963 1388 992 1430 u.
1009 1375 1042 1442 3,
1059 1371 1078 1453 5
1094 1374 1120 1431 1.

206 1467 500 1534 4.111.Triesuut
522 1467 554 1526 in
586 1467 736 1538 creaturis,
768 1467 847 1526 intra
870 1469 1035 1530 ambitum
1060 1489 1145 1531 mere

166 1573 279 1632 nature
293 1566 439 1647 spectetis,
454 1567 561 1644 quibus
574 1567 702 1625 maxime
715 1559 904 1628 deeluiuntur
917 1571 1144 1648 omnipotentie

168 1671 235 1744 Dei,
259 1687 427 1748 supremum
444 1667 509 1745 ejus
531 1665 564 1726 iu
583 1665 650 1724 illes
673 1665 836 1725 dominium
859 1669 891 1726 st
911 1667 1048 1730 illerum
1062 1671 1101 1729 eb
1113 1689 1142 1729 eu

166 1755 557 1848 dependenticomnimodu.¹
582 1765 701 1824 Primus
721 1768 767 1824 est
792 1767 876 1824 uetus
899 1765 1034 1828 divinus
1056 1787 1141 1848 quoe

166 1867 260 1929 nihilo
272 1868 481 1946 producuntur,
496 1867 527 1926 et
539 1865 602 1925 hec
614 1867 737 1925 vocetur
757 1865 869 1924 creatio.
914 1865 1087 1930 Secundus
1099 1872 1140 1928 est

168 1973 250 2030 uetus
263 1986 321 2044 quo
334 1966 368 2028 iu
389 1985 450 2028 esse
471 1965 512 2026 sio
532 1967 647 2042 receptu
665 1967 845 2042 permanent,
870 1966 901 2024 et
922 1965 991 2026 haeo
1012 1972 1139 2028 vocetur

168 2067 347 2130 commuto.
387 2065 450 2126 Neo
463 2064 563 2124 miuus
581 2063 712 2124 obsolute
732 2063 912 2123 necessarius
926 2068 973 2124 est
986 2066 1043 2126 hio
1057 2073 1137 2128 ectus

168 2177 199 2228 et
211 2165 343 2226 influxus
365 2164 593 2226 conservationis
613 2163 770 2224 continuus
789 2165 824 2222 ut
845 2166 992 2225 erecturus
1008 2167 1138 2228 existere
1191 2165 1192 2172 ’

169 2267 361 2345 perseverent,
383 2285 472 2344 quem
494 2267 575 2324 uetus
595 2262 749 2324 creationis
771 2266 806 2322 ut
826 2263 954 2324 existere
974 2265 1135 2344 incipiunt.

172 2371 191 2403 ‘⁸
201 2367 307 2445 Ituque
320 2367 399 2426 tutus
411 2365 463 2424 ille
476 2363 603 2442 impetus
621 2366 651 2422 et
671 2361 812 2438 influxus,
836 2382 924 2440 quem
938 2364 1038 2441 primo
1053 2385 1134 2428 cres*

169 2465 257 2528 tionis
270 2465 415 2526 momento
428 2463 567 2541 praestitit
577 2459 700 2543 [Deus],
713 2464 819 2522 utrem
829 2480 868 2520 ex
876 2462 972 2521 nihilo
986 2463 1021 2522 iu
1033 2466 1133 2526 lucem

170 2571 201 2628 et
214 2565 341 2646 speciem
355 2565 505 2636 excitaret,
521 2563 607 2623 debet
626 2560 826 2622 indesinenter
845 2563 1024 2637 continuari,
1040 2566 1131 2624 omui·
1191 2581 1192 2642 }

170 2669 282 2748 busque
303 2665 458 2728 momentis
482 2663 564 2724 duri:
596 2662 727 2740 ulioquin
758 2661 784 2722 si
805 2663 855 2722 vel
878 2663 968 2724 unico
991 2667 1131 2744 temporis
1191 2699 1192 2752 p

171 2773 280 2851 puncto
301 2767 524 2839 intermittetur,
548 2768 611 2825 tots
631 2767 761 2822 creatura
774 2763 909 2824 funditus
921 2766 1042 2842 peribit,
1057 2769 1128 2827 etin
1191 2797 1192 2838 ι

122 2945 124 2950 ,
172 2889 259 2931 suum
272 2869 411 2940 nihilum,
426 2868 505 2928 uude
519 2865 647 2938 emersit,
659 2865 816 2925 relabetur.
859 2865 943 2925 Sicut
955 2870 992 2926 ut
1004 2871 1126 2928 muudus
1191 2845 1192 2896 i

173 2971 347 3042 illustretur,
369 2988 428 3029 uon
452 2967 559 3029 sufficit
580 2967 669 3027 solem
691 2965 780 3026 semel
800 2985 838 3024 ex
851 2985 882 3026 se
894 2965 998 3027 lumen
1011 2970 1122 3042 fudisse,

174 3071 226 3132 sed
248 3087 364 3130 necesse
386 3071 430 3128 est
453 3071 488 3127 ut
511 3067 588 3127 illud
611 3066 725 3126 assidue
748 3065 907 3142 conservet,
932 3067 1123 3128 continuando

173 3169 302 3251 primum
315 3166 472 3228 influxum.
514 3165 547 3226 Si
561 3165 638 3226 enim
652 3165 701 3224 vel
714 3165 801 3224 unico
815 3169 962 3224 momento
976 3165 1036 3224 vim
1049 3187 1122 3226 suum

174 3271 332 3344 cohiberet,
347 3270 466 3348 repente
480 3269 576 3328 totum
594 3267 695 3326 lumen
716 3265 949 3342 extingueretur.
991 3267 1121 3328 Similiter

175 3375 200 3435 si
214 3373 327 3454 pondus
349 3369 468 3450 aliquod
490 3368 522 3428 iu
549 3388 613 3428 aere
637 3386 725 3426 munu
746 3366 912 3443 suspendas,
928 3365 1006 3424 illud
1019 3369 1120 3429 assidue

176 3495 292 3537 sursum
317 3472 410 3534 teneri
427 3475 458 3532 et
480 3471 580 3530 eodem
604 3469 717 3546 impetu
730 3468 772 3526 ibi
785 3467 949 3527 conservari
963 3467 1055 3542 debet,
1068 3489 1117 3548 quo

175 3576 212 3634 ub
231 3573 317 3632 initio
337 3572 378 3632 ibi
399 3573 443 3632 est
466 3567 668 3648 suspensum.”
690 3568 819 3639 Lussrus,
844 3566 879 3624 de
902 3566 1116 3628 Perleetiouibuu

175 3669 293 3747 Divinis
305 3668 326 3731 l.
344 3672 389 3744 10,
398 3685 429 3727 u.
445 3671 492 3742 20,
532 3663 617 3737 Unde
631 3668 712 3736 uetus
726 3661 948 3736 conservationis
961 3663 1036 3736 nihil
1047 3664 1115 3737 uliud
