2410 4314
95 419 183 466 orso.
208 399 249 487 a]
405 400 567 468 Notzones
581 400 730 468 Praemia.
1030 427 1046 489 7

93 565 286 626 attollendam
300 566 335 626 ad
350 565 557 645 possessionem
577 567 634 628 Dei
654 587 706 646 per
725 567 888 630 beatifioam
907 569 1049 632 visionem

93 665 128 724 in
138 665 250 744 patria;
272 666 320 726 vel
342 685 401 726 non
424 665 575 728 ordinatur
594 667 631 728 ad
652 667 716 728 haeo
740 668 781 746 (d.
803 673 830 743 3,
847 689 877 728 n.
893 673 951 744 48;
974 672 1003 731 d.
1019 677 1048 744 9,

94 785 127 826 ιι.
143 770 170 838 2,
188 764 264 842 ἀι).
305 763 414 826 Prioris
436 765 541 843 speciei
562 771 606 826 est
627 767 721 844 gretia
743 771 860 844 gratum
880 768 997 844 faciens,
1021 775 1051 830 et

95 864 197 938 etiam,
210 865 266 926 etsi
289 865 368 926 haud
388 865 432 925 itu
453 865 594 943 proxime.
610 865 706 942 gratia
726 866 816 942 gratis
840 868 925 931 aaa:
949 889 978 930 n.
1002 874 1050 932 2⁵.

97 964 269 1026 Posterioris
282 964 387 1044 speciei
402 970 486 1038 esset,
503 986 529 1026 v.
541 986 567 1042 g.
583 966 691 1026 donum
706 965 825 1045 aliquod
838 967 951 1028 infideli
964 969 1050 1030 modo

96 1065 313 1143 supernaturali
326 1066 437 1136 datum,
462 1066 498 1126 ob
521 1067 585 1144 ejus
605 1065 709 1126 merita
726 1067 862 1144 praelata
885 1068 1049 1142 naturalia3

96 1169 152 1224 aut
175 1165 318 1226 auxilium
352 1166 516 1227 indebitum
545 1167 582 1226 ad
611 1166 786 1228 eliciendum
807 1187 882 1246 opus
905 1168 1053 1231 moraliter

96 1269 213 1326 tentum
232 1267 359 1326 bonum:
392 1267 420 1327 d.
445 1269 473 1338 3,
497 1286 527 1326 n.
552 1269 599 1330 27.
650 1267 799 1328 Sannaus.
824 1268 852 1328 d.
885 1273 913 1342 3,
938 1287 968 1330 a.
992 1272 1049 1342 243

99 1366 259 1426 Hsuuoan.
282 1365 440 1443 Theologia
464 1365 659 1443 Speoulativa,
680 1366 701 1427 1.
725 1371 753 1439 3,
776 1386 805 1426 n.
831 1370 855 1442 l,
878 1369 942 1442 ἀι,
966 1367 1050 1428 Mou-

94 1483 204 1534 uaeus,
225 1464 310 1544 Disp.
330 1465 453 1538 Praevia,
477 1464 661 1544 §2;V1vs,
687 1466 844 1544 Theologia
867 1467 1049 1546 Dogmetioa,

96 1566 170 1624 Pers
185 1570 211 1638 5,
227 1565 255 1624 d.
274 1569 299 1639 1,
314 1569 401 1642 q.2;
424 1567 483 1624 &a'

142 1667 184 1724 ll.
204 1665 270 1725 Jarn
290 1663 480 1744 explananda
501 1666 570 1724 sunt
590 1663 750 1725 locutiones
769 1664 833 1726 istas
854 1664 987 1726 Debitum
1002 1685 1051 1725 aa·

97 1769 179 1838 tura,
195 1761 352 1824 arachitem
372 1773 487 1836 notura,
510 1763 666 1841 Esiqente'a
686 1767 803 1824 antara.
846 1764 976 1831 Quastio
990 1784 1051 1826 esse

133 1941 142 1972 ¹
162 1941 313 2001 Monrsosu,
325 1943 343 1995 l.
355 1960 385 2002 a,
396 1943 495 2010 rejectis
511 1943 567 1994 aliis
578 1942 765 1993 delinitionibus
776 1943 979 2008 saperesatipolis,
997 1959 1051 1993 eam

98 2033 129 2078 ut
141 2029 212 2079 uniee
223 2045 307 2080 veram
319 2030 414 2095 recipit,
426 2046 482 2094 quoe
500 2027 691 2094 comprehendit
710 2027 910 2095 conjunctionem
929 2045 985 2079 oum
997 2029 1051 2078 Deo

98 2131 144 2180 per
153 2115 259 2180 gratiam
266 2114 293 2164 in
301 2113 387 2166 viovel
398 2130 443 2181 per
454 2113 574 2164 visionem
581 2113 720 2163 beatificam
727 2113 753 2162 in
762 2113 852 2178 patria.
887 2113 922 2163 At
929 2111 1018 2163 onelius
1025 2111 1052 2160 in

98 2215 132 2259 sa,
142 2205 175 2259 et,
185 2204 214 2249 ut
221 2204 290 2266 puto,
300 2200 356 2250 usui
364 2205 495 2251 anetarum
508 2199 587 2264 magis
598 2213 734 2250 consormm
743 2197 850 2258 videtur,
860 2197 1053 2264 supernaturale

97 2285 125 2336 in
136 2301 225 2348 genere
236 2286 307 2352 prius
318 2285 429 2348 definire,
449 2290 474 2336 et
485 2283 576 2336 deinde
594 2285 621 2334 in
639 2300 696 2336 suas
714 2283 806 2350 speeies
822 2283 923 2350 partiri,
935 2287 1053 2348 utsupra

100 2372 198 2422 fautum
219 2376 265 2423 est.
298 2372 425 2440 Malepro
437 2371 549 2422 seaffert
567 2373 654 2436 plures
673 2368 812 2434 theologos,
833 2369 884 2434 qui,
904 2368 950 2419 etsi
964 2367 1054 2418 dieunt

100 2458 304 2524 conjunctionem
315 2458 389 2508 istam
409 2454 641 2507 excellentissimum
662 2471 713 2505 esse
729 2452 925 2520 supernaturale,
942 2457 1054 2504 attamen

99 2560 258 2609 nequaquam
269 2542 396 2594 affirmant
407 2540 477 2591 aliud
493 2557 545 2591 non
562 2557 614 2591 esso
625 2556 682 2592 vere
694 2544 719 2588 et
731 2539 833 2604 proprie
853 2537 1052 2604 supernaturale.

101 2631 262 2682 lleontrario
280 2629 413 2682 essentiam
432 2628 630 2696 supernaturalis
642 2612 674 2676 'in
692 2643 721 2676 eo
741 2630 848 2692 ponunt,
870 2623 937 2690 quod
957 2627 1053 2674 naturas

101 2717 232 2777 ambitum,
252 2717 409 2782 exigentiam,
428 2716 479 2775 luo,
499 2718 608 2780 superet.
641 2713 750 2777 Insuper
766 2726 856 2777 parum
877 2709 922 2760 sibi
938 2709 1054 2761 convenit

101 2802 191 2855 doetus
199 2802 240 2853 hio
250 2808 345 2863 auctor,
358 2801 500 2853 deliniendo
509 2800 625 2866 gratiana,
638 2797 762 2863 “proprie
773 2801 798 2846 et
809 2795 894 2846 striato
905 2793 1054 2860 sumptam‚”

103 2895 133 2940 ut
151 2887 268 2940 “douum
278 2886 466 2956 apaoootrerale
485 2890 607 2936 ereatura
625 2882 790 2934 intellectuali
808 2882 887 2948 gratis
903 2881 984 2932 uDeo
996 2895 1053 2931 oon·

103 2992 198 3027 osseum
209 2974 335 3026 inordina
353 2974 386 3024 acl
405 2974 481 3024 auom
501 2968 638 3022 oeterrsam.”
671 2969 697 3019 Si
715 2968 907 3035 supernaturale
918 2965 1054 3018 neeessario

103 3061 226 3128 signifieat
236 3060 329 3112 dietam
338 3077 393 3111 euru
404 3060 459 3109 Doo
468 3056 678 3124 conjunctionem,
690 3059 816 3120 postrema
827 3053 879 3106 haee
886 3052 961 3104 verbo
968 3067 1055 3120 super·

104 3164 212 3198 vaoanea
223 3153 248 3198 et
258 3145 359 3197 inuitilia
369 3151 436 3195 sunt.

138 3232 219 3284 Nori.
236 3230 357 3283 Posthac
365 3231 466 3295 scriptu,
475 3225 542 3294 apud
549 3224 682 3292 quemdum
692 3230 819 3276 auctorem
828 3223 930 3275 doctum
937 3219 1056 3289 loquendi

106 3333 179 3368 usum
190 3315 330 3368 adhibitum
342 3315 401 3374 vidi,
413 3313 549 3365 seeundum
560 3328 634 3378 quera
646 3310 837 3377 supernaturale
848 3307 916 3376 quod
926 3325 977 3360 non
988 3307 1055 3362 ordi·

106 3405 225 3455 natured
242 3403 462 3454 sanetifloationem
480 3404 606 3459 ereatura,
627 3395 708 3463 qualis
726 3401 790 3447 esset
808 3394 940 3460 integritas
958 3398 1057 3444 natura

106 3507 176 3542 mera
195 3488 231 3555 (d.
251 3490 276 3550 2,
295 3505 320 3540 n.
334 3489 369 3554 7),
385 3484 590 3553 proetarsotarale
608 3487 725 3542 sonatum
742 3479 810 3546 quod
828 3485 913 3530 autem
927 3477 961 3530 sd
981 3479 1056 3530 istam

106 3575 326 3628 manutentionem
338 3573 477 3630 ordinatur,
496 3567 682 3636 speraturas
701 3568 772 3618 unice
787 3571 898 3618 vocatur.
931 3564 983 3616 Hie
998 3578 1057 3618 sane

108 3679 167 3713 usus
175 3662 302 3727 loquendi,
315 3660 354 3712 oui
365 3657 429 3710 nihil
440 3659 538 3709 obstare
549 3656 657 3716 videtur,
668 3653 741 3706 valde
752 3653 822 3705 utilis
832 3657 902 3704 esset.
