2410 4314
171 353 210 416 62
548 347 603 416 Da
621 347 751 418 Grata.
955 350 1060 436 [urse.
1078 374 1127 418 111.

167 521 202 576 ut
215 515 309 593 gratia
322 516 463 594 adjuvans
477 515 553 576 nihil
571 517 653 577 aliud
677 517 801 584 essentit
825 517 865 602 sit
886 537 976 596 quarn
992 520 1128 580 excitans

167 616 234 676 data
247 617 284 676 ad
304 617 510 695 adjuvandum,
527 617 649 696 quaestio
673 623 718 678 est
738 638 843 696 parum
865 617 949 678 utilis
969 623 1002 679 et
1015 621 1081 680 fere
1095 621 1128 692 de

165 716 290 778 nomine.
333 717 455 777 Mantua
480 716 661 796 (Concordia,
688 738 717 796 q.
745 721 791 790 14,
814 738 840 777 a.
867 722 913 792 13,
938 719 966 776 d.
995 719 1046 779 37.
1064 721 1126 798 38),
1178 776 1179 781 ,

74 827 77 832 “
165 816 225 877 late
236 821 265 878 et
277 837 396 878 nervose
410 822 575 896 propugnat
595 821 769 880 sententiam
789 820 982 888 affirmantem
996 821 1126 896 gratiam

166 917 341 978 excitantem
365 922 394 978 et
415 903 604 997 adjuvantem
624 939 743 980 numero
755 940 844 980 unam
856 923 886 980 et
899 921 1034 980 eamdem
1057 942 1125 982 esse.

166 1017 198 1077 ai
211 1017 237 1076 ei
250 1018 388 1080 voluntas
400 1019 523 1093 resistat,
539 1029 637 1080 manet
650 1040 728 1081 mere
742 1020 874 1080 excitans
888 1043 896 1090 ;
912 1019 937 1079 si
951 1022 978 1080 ei
990 1021 1127 1081 voluntas

166 1119 256 1192 cedat,
277 1119 311 1178 fit
329 1119 477 1198 adjuvans.
522 1121 579 1180 Sed
598 1121 704 1181 diserte
725 1121 809 1180 docet
828 1119 860 1179 in
875 1120 970 1198 gratia
984 1125 1023 1181 ut
1037 1122 1124 1200 adju·

165 1223 253 1278 vante
275 1239 335 1279 esse
356 1239 464 1278 novum
488 1221 635 1280 influxum
659 1225 688 1281 et
712 1219 855 1280 actionem
876 1219 986 1298 (“ipsa
1007 1241 1125 1300 quoque

165 1337 231 1378 aava
245 1318 361 1393 influxu
383 1325 413 1380 et
436 1320 548 1380 actione
563 1323 732 1398 cooperatur
746 1321 860 1380 eosdem
875 1323 957 1380 actus
968 1321 1022 1398 ''):
1046 1323 1125 1381 rande

165 1422 247 1496 patet
261 1419 452 1498 quaestionem
466 1441 524 1480 non
539 1441 600 1480 esse
614 1420 701 1480 multi
715 1420 865 1488 momenti.

206 1525 233 1579 8.
256 1519 315 1586 uui
339 1519 409 1578 alias
432 1521 633 1598 theologorum
655 1519 815 1580 sententias
836 1519 1016 1597 perpendere
1037 1521 1121 1592 velit,

166 1639 213 1678 eas
226 1619 325 1679 videat
338 1620 492 1680 recensitas
513 1621 588 1698 apud
605 1621 781 1690 hlouraoua,
797 1641 823 1698 q.
839 1621 868 1692 2,
885 1639 910 1679 a.
927 1625 954 1691 2,
969 1618 985 1699 ὃ
1002 1625 1031 1678 2.
1077 1623 1124 1679 Ex

165 1719 253 1778 variis
277 1721 312 1778 de
333 1721 426 1798 gratia
449 1720 693 1798 propositionibus
719 1719 948 1780 Jausenistarum
974 1721 1123 1780 damnatis

165 1838 252 1877 unam
267 1823 380 1878 tantum
394 1821 442 1880 hic
459 1821 632 1894 notabimus,
659 1839 724 1898 quae
739 1825 782 1879 est
798 1823 833 1878 19
849 1818 1022 1894 Quesnellii,
1040 1821 1124 1898 cujus

164 1917 294 1977 doctriua
307 1939 396 1996 prava
416 1920 503 1980 etiam
517 1921 548 1980 in
563 1921 627 1980 aliis
642 1920 770 1998 ejusdem
785 1918 1035 1998 propositionibus
1049 1919 1122 1980 insi·

163 2021 352 2079 nuatur2-“
365 2020 420 2079 Dei
444 2021 537 2098 gratia
560 2020 636 2080 nihil
659 2020 740 2094 aliud
761 2024 813 2093 est,
830 2039 918 2098 quam
939 2020 1004 2098 ejus
1027 2021 1121 2080 omni-

163 2123 265 2196 potens
287 2119 440 2198 voluntas:¹
472 2121 535 2181 haeo
559 2125 603 2181 est
631 2121 704 2194 idea,
731 2141 818 2198 quam
848 2121 928 2180 Deus
951 2122 1015 2197 ipse
1037 2123 1123 2181 nobis

162 2219 254 2279 tradit
274 2219 305 2278 iu
327 2220 461 2281 omnibus
485 2221 544 2280 suis
569 2221 755 2298 Scripturisff’
809 2221 865 2280 Per
886 2219 982 2292 verbe,
1009 2229 1030 2264 ἱ·
1045 2222 1123 2280 nihil

162 2319 242 2378 aliud
256 2324 330 2392 ost,”
345 2321 461 2382 videtur
482 2325 582 2382 auctor
602 2321 766 2398 significare
780 2341 810 2380 se
823 2320 899 2380 vella
920 2317 1123 2380 definitionem

163 2421 272 2495 gratiae,
289 2442 376 2499 quam
389 2426 494 2482 vocant
514 2422 704 2495 essentialem,
727 2420 862 2498 proferre.
905 2419 961 2478 sea
976 2421 1122 2498 quicquid

163 2520 198 2579 do
212 2521 266 2581 hoo
280 2521 398 2594 dicitur,
415 2521 481 2596 duo,
498 2527 533 2581 ut
547 2519 754 2580 animadvertit
766 2520 855 2592 Vm,
870 2517 901 2576 in
916 2518 973 2577 ista
986 2520 1120 2598 proposi-

162 2619 448 2682 tioneiusinuantur
461 2642 577 2682 errores.
623 2620 738 2680 Primus
759 2623 811 2688 est,
833 2617 958 2695 gratiam
979 2638 1044 2679 esse
1064 2621 1121 2680 Dei

162 2720 350 2796 voluntatem,
368 2727 397 2781 et
411 2743 485 2798 ergo,
504 2743 570 2782 oum
593 2721 649 2781 Dei
673 2721 807 2780 voluntas
829 2719 912 2778 nobis
933 2738 992 2776 non
1013 2723 1059 2778 est
1072 2719 1117 2777 in-

161 2821 294 2894 trinseca,
320 2842 373 2881 nec
396 2823 519 2898 gratiam
546 2822 688 2881 actualem
715 2841 767 2880 nec
789 2820 911 2896 gratiam
933 2817 1117 2878 habitualem

161 2920 243 2980 nobis
266 2919 452 2980 intrinsecam
474 2943 544 3004 esse,
568 2923 615 2981 sed
641 2941 758 3000 prorsus
785 2918 984 2979 extrinsecam.
1028 2919 1117 2978 Alter

161 3023 213 3093 est,
229 3019 353 3097 gratiam
371 3042 431 3080 esse
449 3021 505 3080 Dei
528 3021 711 3082 voluntatem
735 3019 972 3096 omnipotentem,
996 3037 1057 3094 quo
1070 3018 1115 3076 in·

161 3121 294 3182 sinuatur
308 3143 421 3182 omnem
442 3122 565 3199 gratiam
587 3143 647 3182 esse
666 3123 818 3194 efficacem,
835 3138 895 3191 seu,
910 3117 1013 3196 gratiae
1036 3139 1114 3178 nuu-

161 3241 249 3300 quam
262 3219 366 3281 resisti.
410 3223 452 3282 Hi
466 3243 574 3282 errores
589 3222 648 3281 suis
661 3221 732 3281 locis
745 3221 944 3280 confutantur.

250 3399 264 3480 ξ
285 3405 313 3467 2.
333 3401 455 3460 Erraras
469 3401 690 3460 Haratr'aaram:
710 3400 850 3460 Doctrina
868 3396 1020 3458 Cattata‘ca.

209 3519 237 3578 9.
260 3521 379 3598 Duplici
403 3525 432 3580 et
456 3521 573 3598 quidem
598 3519 740 3580 contrario
767 3519 851 3578 modo
870 3518 914 3576 ‘dc
940 3517 1113 3578 necessitato

160 3619 260 3692 gratioe
275 3623 402 3682 erratum
416 3623 468 3694 est,
484 3639 535 3698 per
549 3620 693 3681 defectum
708 3622 737 3680 ct
750 3637 801 3696 per
815 3635 975 3678 excessum.
1013 3616 1112 3676 Primo
