2410 4318
278 1211 567 1281 DISPUTATIO
590 1211 808 1282 SEPTIMA.
869 1207 871 1210 ⁵

44 1445 98 1496 ΒΕ
122 1441 273 1496 (anima
294 1439 462 1490 naamam
483 1439 528 1488 ET
551 1438 798 1492 SUFFIOIENTE:
824 1442 872 1493 ΒΕ
892 1442 1023 1492 DISTRI·

256 1506 413 1558 BUTIONll
425 1503 831 1558 GRATIAESUFFIOIENTIS.

69 1715 182 1774 PARS
207 1710 439 1772 Pallan-na
453 1709 567 1768 Gaiam
581 1710 721 1770 Ermosor
735 1731 771 1769 ar
787 1712 993 1770 Surammurrr.

371 1891 386 1970 ᾖ
402 1895 427 1951 1.
447 1890 582 1950 Nationes
595 1891 723 1953 Praevia.

98 2041 125 2096 l.
146 2037 238 2096 Deus
258 2033 393 2094 omnibus
414 2051 480 2090 suas
499 2032 608 2108 gratias
627 2034 777 2110 elargitur,
799 2035 849 2093 sed
862 2033 1023 2112 praesertim

53 2137 208 2206 fidelibus,
240 2137 270 2194 et
296 2153 333 2193 ex
360 2131 496 2190 fidelibus
520 2133 704 2194 continenter
731 2134 892 2210 praesertim
923 2133 1022 2212 justis.

55 2234 258 2314 Experientia
266 2234 364 2292 autem
375 2230 545 2308 quotidiana
554 2232 681 2292 ostendit
694 2251 731 2292 ex
742 2233 940 2310 peccatoribus
951 2233 1023 2292 alios

55 2335 163 2412 gratiis
178 2335 283 2395 cedere
297 2339 327 2392 et
340 2333 376 2390 ad
390 2331 486 2391 Deum
504 2350 535 2390 se
549 2338 714 2392 convertere
729 2337 758 2392 et
768 2332 935 2410 justificari,
951 2332 1023 2390 alios

55 2454 126 2494 vero
140 2433 250 2510 gratiis
263 2426 397 2491 resistere
411 2435 441 2490 at
454 2429 486 2488 in
502 2434 617 2506 peoaato
633 2451 748 2490 manere
762 2453 770 2505 ;
791 2431 929 2507 exjustis
943 2431 1022 2489 simi·

57 2534 128 2594 liter
149 2535 227 2594 alios
247 2531 368 2592 auxiliis
388 2532 425 2590 ad
445 2532 688 2608 perseverandum
702 2533 778 2590 datis
797 2533 871 2590 bene
889 2531 937 2590 uti
950 2537 979 2590 et
992 2531 1022 2589 iu

60 2639 182 2712 accepta
203 2631 324 2712 justitia
344 2651 536 2709 perseverare,
560 2631 607 2690 vel
628 2630 680 2689 din
694 2632 742 2690 vel
765 2631 853 2692 etiam
872 2649 966 2707 usque
987 2631 1023 2688 ad

60 2733 161 2806 finem,
183 2733 257 2792 alios
281 2749 350 2791 vero
376 2729 478 2806 gratiis
501 2729 562 2787 illis
588 2731 663 2789 male
690 2731 734 2788 uti
762 2737 792 2788 et
815 2732 846 2787 in
873 2732 1023 2807 peceatum

62 2833 187 2909 prolabi.
231 2833 267 2890 ln
280 2831 341 2890 illis
354 2830 449 2906 gratia
464 2849 548 2888 suum
563 2829 698 2888 affectum
712 2830 841 2900 sortitur,
861 2831 892 2887 in
905 2829 952 2888 his
965 2848 1024 2887 non

64 2933 196 2995 sortitur.
239 2933 294 2990 Per
313 2931 398 3008 plura
420 2929 517 2989 seoula
536 2949 593 2988 usu
607 2929 690 2990 venit
703 2934 738 2988 ut
751 2930 783 2988 in
804 2929 910 2988 scholis
930 2929 1024 3004 gratia

65 3027 96 3088 in
109 3031 202 3108 priori
216 3049 282 3090 casu
297 3032 449 3089 vocaretur
462 3029 572 3102 efficax,
588 3027 621 3087 in
635 3029 725 3088 altero
739 3049 808 3088 casn
822 3029 975 3090 sufficiens.

105 3135 133 3189 2.
159 3130 227 3204 sed,
244 3127 595 3208 quoniamvoaabulaista
606 3129 755 3206 aequivoca
769 3133 847 3201 sunt,
860 3130 897 3188 ad
910 3149 1024 3189 omnem

68 3227 274 3291 obscuritatem
297 3233 326 3288 et
351 3227 601 3306 perturbationem
628 3229 846 3305 praecavendam
875 3229 1025 3305 sequentia

69 3329 168 3388 sedulo
188 3327 317 3388 notanda
336 3331 415 3387 sunt.
461 3325 499 3386 1⁰.
521 3326 622 3386 Gratia
644 3325 734 3407 (siout
747 3331 776 3386 et
790 3327 855 3386 aliae
870 3345 964 3388 causae
978 3330 1025 3389 vel

71 3425 225 3506 principia)
240 3427 337 3488 vocari
355 3429 453 3506 potest
466 3426 568 3486 efficax
581 3426 613 3486 in
627 3432 694 3488 actu
707 3427 800 3504 primo
820 3427 885 3504 (seu
902 3427 1026 3488 efficacia

71 3524 202 3604 virtutis)
225 3526 273 3585 vel
294 3525 327 3584 in
350 3530 419 3586 aetn
440 3526 566 3585 seeundo
592 3529 656 3604 (seu
678 3525 811 3586 effective
836 3525 947 3599 efficax,
973 3545 1025 3586 sen

74 3622 196 3685 effioaoia
220 3621 428 3702 connexionisl·
468 3623 565 3683 Priori
589 3643 674 3685 sensu
699 3624 792 3682 omnis
812 3624 906 3698 gratia
929 3625 1024 3684 vocari

73 3725 166 3798 potest
189 3727 218 3788 et
240 3727 284 3788 eat
305 3723 416 3801 efficax,
440 3721 497 3787 atsi
519 3743 579 3786 non
602 3723 741 3788 sortiatur
767 3705 902 3786 effectum
926 3725 1025 3786 aDeo
