2424 4314
181 428 222 504 46
547 420 602 484 De
624 417 755 484 Gratiis.
978 419 1080 505 [nisa.
1098 443 1136 487 ιι.

180 587 263 664 gravi
277 588 390 664 lapsu.’'
433 587 583 658 Attamen,
599 589 634 644 ut
647 585 709 662 ipse
723 586 831 645 fatetur
845 583 929 662 (ibid.
945 603 974 644 n.
988 588 1032 663 9),
1050 607 1136 664 argu-

179 688 285 748 mentis
295 708 347 768 pro
362 688 504 749 sententia
516 686 605 763 priori
618 687 715 746 allatis
728 689 833 758 motus,
844 687 919 746 hano
932 705 1015 746 suam
1029 689 1137 748 dootri·

178 807 246 847 nam
282 792 435 866 temperat,
473 804 591 845 oensene
626 785 854 845 “verisimiliter
887 785 1064 863 pertinuisse
1100 789 1138 848 ad

179 887 373 964 indigentiam
392 885 474 945 illius
488 888 590 957 status,
607 883 632 944 ei
649 885 730 944 Deus
743 885 776 944 in
795 885 847 944 illo
860 884 1008 944 hominem
1029 889 1138 948 ooneti·

94 1059 97 1062 Ι
179 991 283 1059 tuerat,
311 989 346 1045 ut
372 1005 425 1046 sua
452 984 563 1045 literati
587 984 770 1062 providentia
796 984 842 1043 illi
868 984 1011 1044 conterret
1037 987 1140 1064 alique

178 1085 288 1144 auxilia
311 1087 343 1144 in
367 1083 529 1145 substantia
551 1084 671 1162 quidem
694 1083 848 1156 naturalia,
874 1083 906 1142 iu
929 1085 1014 1143 modo
1038 1090 1139 1145 autem

177 1187 255 1246 ultra
281 1205 463 1247 communem
484 1203 637 1244 causarum
660 1185 842 1244 naturalium
869 1203 987 1244 aureum
1016 1186 1137 1260 oollate,

176 1287 282 1366 quibus
302 1278 397 1366 posset
409 1288 503 1360 homo,
520 1286 545 1345 si
558 1286 654 1359 vellet,
669 1289 762 1347 totam
782 1287 877 1363 legem
901 1286 1065 1346 naturalem
1086 1289 1141 1347 diu

178 1406 300 1457 servare,
325 1386 479 1463 omniaque
506 1388 622 1463 pestate
648 1385 695 1444 illi
721 1386 865 1445 eontraria
891 1386 994 1447 vitare.
1051 1386 1140 1454 Quod

156 1505 158 1512 ·
176 1487 295 1566 quidem
317 1507 376 1546 non
396 1489 470 1546 esset
489 1486 634 1546 auxilium
654 1487 767 1564 gratie,
783 1491 870 1564 prout
891 1505 971 1546 nuno
992 1487 1089 1560 datur,
1107 1489 1139 1547 id

177 1592 230 1659 est,
245 1606 298 1646 neo
312 1587 342 1645 in
357 1585 527 1658 substantia,
542 1605 597 1645 neo
617 1605 655 1646 ex
674 1589 756 1664 parte
776 1587 853 1659 finis,
870 1587 940 1664 quia
959 1605 1018 1645 non
1039 1589 1138 1647 trane-

176 1688 310 1746 oenderet
330 1687 418 1746 finem
441 1689 472 1746 et
491 1686 613 1745 honesta
632 1689 742 1746 motiva
761 1686 914 1759 naturalia,
938 1690 1015 1746 esset
1036 1691 1136 1746 tamen

176 1787 298 1864 speciale
312 1787 482 1846 beneficium
497 1787 528 1845 in
543 1787 643 1846 ordine
657 1788 845 1864 providentia
859 1787 1031 1846 naturalis.”

198 1950 200 1955 ,
217 1890 265 1944 91.
287 1885 345 1946 sed
358 1891 457 1946 eontra
470 1887 523 1945 hoo
535 1886 593 1944 dici
605 1891 711 1963 potest,
723 1887 800 1964 quod
810 1886 962 1945 insinuant
973 1886 1136 1959 Sannaus„

176 1986 233 2045 ista
246 1984 427 2063 expositione
441 1985 533 2046 everti
547 1988 639 2062 ipsam
653 1986 747 2046 ideam
761 1993 872 2046 naturae
881 2005 973 2062 para,
990 2005 1066 2063 quae,
1092 2007 1136 2045 se·

176 2085 303 2145 eundum
324 2084 422 2162 ipsum
443 2085 612 2145 Suessanum
633 2085 761 2163 (Proleg.
782 2091 810 2158 4,
834 2104 858 2145 o.
883 2089 909 2156 1,
932 2103 961 2145 n.
979 2085 1021 2164 3),
1039 2085 1138 2145 omnia
1202 2153 1203 2160 ἵ

175 2185 296 2244 heberet
309 2184 337 2245 ei
351 2184 449 2244 debita
462 2184 499 2244 ad
513 2184 690 2244 efficiendam
704 2188 847 2256 naturam,
864 2189 894 2243 et
906 2183 983 2242 nihil
997 2185 1134 2261 amplius.
1202 2175 1203 2234 ζ

175 2283 231 2345 Vel
245 2303 312 2360 ergo
331 2283 411 2344 istud
431 2283 575 2342 auxilium
595 2283 787 2343 necessarium
800 2290 853 2355 est,
869 2289 900 2342 et
919 2301 987 2359 ergo
1002 2283 1136 2343 debitum

175 2389 297 2456 naturae,
307 2387 342 2442 ut
355 2382 447 2460 possit
460 2401 544 2442 suum
558 2383 645 2441 finem
659 2383 748 2442 aDeo
761 2381 959 2458 praeetitntum
974 2384 1134 2458 attingere;

175 2485 223 2544 vel
245 2501 304 2542 non
326 2489 371 2544 est
391 2483 530 2542 debitum.
596 2483 627 2542 Si
651 2484 733 2560 prius
759 2483 881 2553 dicatur,
908 2501 975 2558 ergo
1002 2501 1062 2540 non
1090 2487 1135 2543 est

175 2586 277 2662 gratia,
292 2590 342 2645 eut
355 2584 498 2644 naturalis
512 2588 563 2644 aut
577 2585 803 2660 supernaturalis
816 2584 888 2662 (uisi
902 2603 934 2642 eo
950 2603 1036 2642 sensu
1049 2585 1131 2644 latis·

175 2685 247 2744 simo
262 2705 319 2763 quo
333 2684 428 2744 omnia
442 2703 459 2742 a
472 2683 555 2742 nobis
570 2686 631 2743 Deo
646 2685 714 2742 data
727 2684 828 2760 gratiae
842 2683 940 2742 vocari
953 2688 1085 2759 possunt,
1102 2683 1130 2742 d.

177 2789 203 2860 1,
218 2805 247 2846 n.
263 2786 325 2862 20),
342 2785 392 2844 sed
405 2779 533 2862 ad'ipeas
547 2785 623 2844 vires
643 2785 792 2844 naturales
812 2783 948 2860 pertinet.
1005 2783 1038 2842 si
1059 2784 1131 2843 elte-

176 2903 241 2943 rum
255 2884 377 2955 dicatur,
394 2903 460 2959 ergo
473 2903 532 2943 nou
546 2885 632 2943 datur
645 2889 759 2943 naturae
773 2901 861 2960 purae,
878 2882 935 2951 oui,
950 2881 981 2940 vi
1002 2883 1129 2955 termini,

176 2985 252 3044 nihil
266 2984 427 3044 indebitum
442 2985 536 3044 datur.

217 3091 264 3146 92.
290 3067 371 3162 Resp.
400 3086 500 3161 Hujus
523 3085 703 3160 difficultatis
725 3085 811 3162 (mihi
834 3083 904 3143 olim
924 3083 1129 3161 permoleste),

174 3204 235 3262 prae
249 3184 352 3244 esteris
366 3184 541 3256 auctoribus,
558 3185 643 3244 olarae
657 3190 687 3243 et
701 3185 840 3243 absolutae
855 3182 1007 3243 solutionis
1020 3181 1129 3258 prinoi-

174 3285 255 3362 pium
283 3284 372 3343 tradit
398 3285 544 3354 Pannona,
573 3304 601 3344 n.
629 3289 682 3343 341
707 3289 737 3344 et
756 3288 833 3354 not.;
862 3281 940 3359 quod
966 3280 1015 3339 hio
1042 3281 1129 3357 paulo

174 3385 298 3462 amplius
318 3383 536 3461 explicabimus.
579 3385 621 3442 Eo
642 3384 760 3460 quidem
780 3403 866 3442 sensu
879 3386 984 3440 natura
997 3399 1081 3457 pura,
1096 3383 1130 3440 nt

169 3485 233 3562 jam
259 3483 396 3556 vidimus,
421 3483 512 3543 oreari
538 3487 641 3560 potest,
673 3487 705 3543 ut
727 3487 757 3542 et
780 3483 838 3542 fine
862 3479 1077 3558 supernaturali
1100 3485 1129 3540 et

173 3582 266 3659 gratia
287 3583 323 3642 ad
342 3583 431 3644 finem
444 3583 523 3642 huno
543 3583 753 3660 assequendum
767 3601 883 3659 prorsus
902 3579 934 3638 iu
954 3583 1127 3657 perpetuum

173 3685 276 3742 oareet
317 3682 373 3743 Sed
393 3684 458 3742 tum
479 3693 611 3759 supremo
633 3681 689 3742 Dei
704 3682 830 3741 dominio
844 3687 907 3740 tum
927 3678 1041 3738 notioni
1062 3695 1127 3739 oon·
