2408 4304
162 395 227 461 390
532 379 590 448 Da
607 381 743 451 Gratia.
983 387 1077 473 [nnn.
1090 407 1128 454 n.

225 713 241 796 ς
266 720 293 775 3.
322 715 465 776 Probatur
485 717 628 776 Doctrina
656 719 802 780 Catholicis
824 723 859 780 da
884 722 1089 801 Inaequalem

534 818 760 898 Joetfficae'onis.

206 995 446 1056 24.Pno1³os1r10
470 996 514 1055 II.
534 995 661 1056 Jacoitic
688 1018 743 1058 non
770 1004 812 1058 cet
840 1001 874 1059 in
900 1001 1036 1062 omnibus
1056 1003 1133 1076 jonio

166 1095 304 1174 aqualis:
334 1097 382 1155 scd
407 1097 437 1154 in
461 1097 581 1156 dioneia
595 1098 696 1174 justis,
719 1104 747 1156 ct
774 1100 883 1160 diecret
912 1101 1086 1178 tenworibtn
1109 1101 1132 1158 in

165 1197 254 1257 codam
261 1199 351 1273 josto,
367 1193 514 1274 inaqaalo'o
528 1217 583 1256 caea
590 1202 684 1274 potest
697 1207 721 1257 ot
734 1202 784 1258 cst.

207 1357 255 1417 2⁶.
274 1355 364 1414 Noto.
393 1357 529 1415 Errorem
549 1356 579 1414 N
580 1358 732 1414 oratorum
754 1356 855 1418 tenuit
879 1357 1043 1418 haeriticus
1064 1357 1128 1416 anti·

168 1475 256 1533 quus,
279 1455 462 1528 Jovinienus,
486 1456 537 1514 sed
560 1455 674 1514 diverse
695 1475 816 1532 prorsus
839 1457 971 1516 ratione.
1015 1457 1129 1516 Dicebat

169 1551 247 1610 enim
269 1551 321 1611 ille
342 1552 440 1611 omnia
458 1571 543 1628 opera
563 1551 638 1609 bona
659 1570 721 1610 esse
743 1552 877 1628 aequalia,
894 1556 927 1611 et
951 1572 1027 1628 ergo
1040 1571 1128 1612 omnes

167 1651 264 1728 justos
277 1669 339 1710 esse
351 1651 478 1728 aequales
488 1649 520 1709 in
533 1649 626 1726 gratia
638 1653 668 1708 et
694 1669 794 1708 omnes
814 1651 916 1710 beatos
929 1671 996 1711 esse
1009 1652 1128 1729 aequsles

168 1752 200 1812 in
214 1752 313 1829 gloria.
354 1755 419 1812 Imo
441 1759 461 1787 ‘⁴
471 1756 506 1812 ut
518 1753 583 1811 hoeo
596 1752 760 1810 consecutio
781 1752 913 1830 aliquam
927 1753 1127 1812 verisimilitu-

170 1851 267 1910 dinem
291 1853 419 1921 habcret,
435 1852 564 1929 oportuit
581 1851 678 1928 ipsum
700 1851 790 1910 etiem
814 1849 928 1911 sentire
951 1871 1050 1911 unum
1065 1871 1128 1929 opus

170 1970 232 2010 esse
244 1953 357 2028 aequalc
369 1953 481 2023 multis,
503 1955 534 2011 et
553 1950 776 2010 multitudinem
796 1971 918 2028 operum
940 1952 981 2010 ad
994 1953 1126 2030 majorem
1179 2015 1180 2032 χ

171 2051 353 2110 sanctitatem
363 2052 410 2110 vel
424 2052 461 2110 ad
474 2051 610 2110 meritum
623 2049 741 2126 majoris
754 2050 868 2126 praemii
881 2069 943 2109 non
963 2052 1123 2110 conferre?

171 2151 294 2226 Sasona,
309 2153 329 2213 L
347 2159 374 2227 9,
390 2158 447 2224 cl,
463 2173 492 2212 n.
509 2158 538 2212 2.
580 2153 637 2212 Sed
660 2155 812 2210 novatores
832 2151 921 2228 longe
934 2153 996 2210 alia
1008 2152 1122 2222 rationo,

171 2255 202 2312 et
215 2256 282 2321 ante
295 2271 343 2312 eos
355 2252 535 2312 inauditain
547 2251 873 2329 mundo,aequalitatem
884 2251 1015 2328 justitiae
1026 2253 1057 2311 in
1071 2271 1123 2310 om·
1179 2271 1180 2276 ¹

172 2355 259 2414 nibus
272 2355 471 2438 affirmabant:
492 2353 523 2415 d.
538 2359 566 2426 9,
581 2372 611 2412 n.
626 2356 675 2413 46.

211 2461 261 2516 26.
282 2455 471 2534 Inaequalitas
480 2455 605 2534 justitie
618 2454 648 2512 in
657 2453 747 2531 justis
759 2452 872 2530 duplici
892 2453 980 2512 modo
994 2453 1121 2524 efficitur,

171 2577 277 2636 nempe
289 2579 328 2618 ex
340 2577 425 2635 opere
447 2555 602 2634 operantis,
627 2558 745 2633 propter
767 2555 873 2614 merita
892 2555 1039 2615 bonorum
1060 2573 1120 2632 ope·

172 2673 255 2726 rum;
277 2660 308 2714 et
316 2673 355 2734 er
368 2637 452 2732 onere
460 2656 584 2731 operato,
598 2671 651 2730 per
660 2650 853 2728 receptionem
866 2656 1120 2712 sacramentorum

173 2754 219 2814 De
231 2754 322 2833 priori
341 2753 514 2818 tentabitur
535 2752 567 2812 in
590 2753 619 2812 d.
641 2749 782 2830 sequenti,
805 2751 842 2810 de
855 2751 951 2811 altero
964 2752 1026 2814 vid.
1041 2753 1119 2810 tract

173 2853 209 2913 de
223 2856 417 2915 sacramentis.

213 2953 262 3014 27.
283 2955 332 3013 An
357 2952 443 3013 hodie
466 2951 543 3029 apud
565 2951 656 3012 ullam
681 2952 788 3012 seotm
816 2950 1001 3010 Novatorum
1024 2948 1056 3007 in
1081 2947 1122 3006 hia

175 3053 339 3133 regionibus
351 3053 449 3112 valcat
466 3052 524 3112 ista
542 3051 661 3112 haeresis'
679 3051 715 3110 de
734 3045 903 3126 equalitate
918 3047 1054 3126 justitie,
1075 3063 1120 3123 pro
1179 3065 1180 3102 t

175 3160 252 3216 certo
265 3155 405 3214 affirmare
418 3171 615 3230 nonpossum.
656 3151 694 3210 Id
706 3153 821 3210 tantum
834 3148 902 3221 scio,
918 3167 976 3220 me,
991 3147 1025 3206 in
1038 3146 1120 3222 scrip-
1179 3105 1180 3190 t

175 3257 215 3316 tis
229 3255 290 3316 sine
303 3252 553 3330 Evangelioslium
573 3251 634 3310 sive
653 3247 896 3309 Methodistarum
916 3246 1052 3324 pluribus
1063 3243 1118 3303 vol·

176 3356 287 3428 vendis,
302 3352 412 3412 nnllam
423 3350 487 3428 ejus
500 3349 676 3408 mentionem
695 3345 849 3406 invenisse.

132 3439 136 3446 ¹
215 3461 264 3517 28.
284 3450 715 3532 ArqamcntoccS.Scrr'qotaro.
755 3445 1006 3506 AnennnrrnnI.
1029 3441 1119 3503 “Uni·
1179 3429 1180 3432 ¹

178 3555 284 3633 cuique
298 3559 395 3614 autem
408 3555 541 3610 nostrum
550 3551 618 3608 date
630 3553 674 3609 ost
687 3547 782 3626 gratia
793 3545 951 3606 seeundum
965 3559 1119 3602 mensnram

178 3655 342 3713 donationis
366 3651 506 3712 christi.’¹
538 3651 646 3728 Ephes.
668 3649 711 3709 iv.
733 3648 761 3712 7.
813 3644 893 3704 “Ibi
925 3648 1024 3722 aperte
1046 3643 1119 3730 docet
1179 3735 1180 3746 χ
