2408 4304
186 425 250 488 410
540 385 613 470 'De
630 398 765 472 Gratiis.
977 397 1074 486 [misr.
1088 415 1138 466 mr.
1192 383 1193 422 ¹

188 579 234 635 est
246 571 386 634 voeabula
402 573 592 632 “certamen‘’
609 575 640 634 et
662 577 682 608 “
692 573 834 634 eursum'’
850 570 909 630 duo
924 569 1044 628 diversa
1061 567 1141 644 signi·

187 674 292 747 ficare;
323 672 448 732 alterum
474 675 618 732 certamen
641 693 818 750 pugnorum,
847 672 981 732 alterum
1007 673 1142 730 eertumen

189 792 290 834 cursus
303 774 418 851 pedum.
453 771 510 832 Sed
523 773 558 832 de
571 773 627 846 his,
639 775 717 852 quod
727 774 836 834 attinet
849 773 1023 832 adsensum
1035 771 1141 847 dogma·

188 871 282 932 ticum
294 874 325 932 et
337 877 468 932 nostrum
482 876 695 948 argumentum,
711 871 789 930 nihil
801 871 903 933 refert.

229 971 297 1032 ⁴⁵29.
315 974 353 1032 1⁰.
375 973 466 1034 Redit
475 973 873 1051 argumentumjamdatum‚
884 991 916 1031 n.
930 976 983 1030 26.
1005 970 1147 1030 Habemus

192 1074 270 1135 enim
289 1075 338 1134 hie
358 1093 486 1152 pugnam
506 1079 537 1136 et
559 1094 676 1136 cursum
695 1060 766 1136 viiae
790 1074 970 1134 Christiana
994 1071 1146 1142 victricem,

192 1195 316 1254 quorum
329 1175 443 1234 intuitu
457 1176 557 1236 eadem
570 1175 682 1236 ratione
695 1175 854 1248 reddenda,
869 1195 924 1236 seu
938 1174 1043 1252 potins
1055 1190 1149 1248 repen·

193 1277 286 1336 denda
306 1279 350 1335 eet
370 1277 536 1354 (αποδωσει,
565 1296 660 1354 supra,
682 1295 712 1337 n.
738 1278 784 1336 14.
802 1276 919 1336 “shall
942 1275 1054 1346 award,
1080 1290 1148 1330 mere

192 1377 264 1435 than
275 1375 368 1453 piva.''
403 1377 536 1455 strom)
549 1395 653 1436 eorona
660 1375 797 1454 justitiae,
811 1396 873 1453 qua
884 1375 1024 1434 vineenti
1036 1375 1070 1432 in
1081 1371 1148 1432 ludis

194 1477 358 1538 decernitur
374 1497 478 1538 corona
489 1479 589 1538 laurea
600 1478 649 1539 vel
662 1477 720 1538 alia
732 1477 848 1539 similis.
890 1477 935 1536 2⁰.
958 1477 1049 1537 Sient
1057 1476 1146 1551 justus

190 1577 285 1655 judex
304 1578 341 1638 iis
361 1581 413 1656 qui
432 1579 462 1638 in
484 1578 564 1638 ludis
583 1577 724 1651 viserunt,
750 1579 787 1638 ob
808 1577 917 1638 merita
940 1581 973 1636 et
994 1575 1147 1636 secundum

194 1677 299 1738 merita
322 1678 441 1757 (praeter
460 1676 581 1756 proemia
601 1677 679 1738 enim
700 1677 795 1756 prime
812 1677 872 1738 alia
891 1681 979 1738 erant
992 1675 1146 1750 inferiora),

194 1776 314 1855 praemia
337 1777 536 1854 distribuebat,
562 1782 604 1840 ita
626 1781 716 1853 Deus,
737 1778 855 1838 infinite
874 1783 905 1840 et
924 1797 981 1856 per
1002 1777 1148 1838 essentiam
1192 1763 1193 1818 t

191 1878 291 1956 justus
306 1868 408 1956 judex,
429 1883 547 1959 propter
565 1880 670 1942 merita
689 1883 720 1942 et
732 1879 896 1940 seeundum
916 1899 961 1951 eu,
981 1899 1039 1938 sua
1057 1877 1149 1938 reddet

194 1976 322 2054 proemia.

236 2079 306 2138 ⁴⁵30.
325 2078 418 2138 Initio
430 2079 520 2157 hujus
534 2078 708 2156 argumenti,
729 2097 760 2140 n.
775 2083 824 2152 23,
847 2077 914 2138 dixi
929 2075 1148 2138 similitudinem

197 2175 292 2251 irtam,
308 2182 412 2256 prater
426 2180 497 2238 duos
510 2180 563 2240 hos
580 2180 666 2252 locos,
686 2178 840 2256 inquibus
861 2179 972 2238 diserte
992 2182 1146 2248 enarratur,
1192 2183 1193 2270 1

199 2278 305 2356 ssepius
317 2278 349 2338 in
364 2280 393 2340 S.
407 2280 556 2357 Scriptura
566 2281 694 2340 maxime
704 2300 722 2338 a
732 2281 763 2340 S.
775 2279 869 2338 Paulo
883 2279 1044 2340 insinuari.
1081 2280 1147 2338 Tex-
1192 2273 1193 2326 1

198 2383 247 2440 tus
260 2380 400 2457 quosdam
417 2381 560 2454 indieabo,
582 2381 735 2458 inquibus
752 2379 950 2440 inveniuntur
964 2382 1023 2440 ista
1041 2379 1147 2440 nomine

199 2479 282 2557 quasi
294 2480 430 2540 ludorum
445 2481 593 2551 solemnia,
608 2486 752 2554 certamen,
768 2499 874 2554 rursus,
892 2482 944 2540 dre.

239 2582 308 2640 ⁴⁶31.
331 2581 375 2659 (a)
400 2582 565 2643 Garama.-
594 2582 705 2642 “Idem
728 2586 874 2642 certamen
894 2581 1050 2654 habentes,
1072 2581 1148 2658 quale
1192 2659 1193 2662 Ἴ

201 2683 231 2740 et
243 2680 359 2740 ¹vidistis
378 2681 410 2740 in
422 2701 479 2756 me,
501 2687 533 2744 et
550 2702 629 2742 nune
643 2680 764 2741 audistis
778 2682 814 2740 de
826 2679 905 2740 me.''
948 2681 1061 2758 Philip.
1076 2684 1095 2740 i.
1109 2685 1147 2738 30.

203 2785 223 2814 ·‘
235 2783 322 2842 Certa
340 2781 449 2842 bonum
471 2789 617 2844 certamen
639 2781 739 2842 fideir’
784 2786 797 2840 1
814 2781 890 2840 Tim.
905 2780 944 2842 vi.
969 2785 1017 2840 12.
1059 2782 1107 2840 Ita
1125 2785 1148 2838 et

204 2881 295 2943 Hebr.
308 2881 360 2944 xii.
374 2886 400 2955 1,
423 2886 455 2946 et
468 2883 549 2944 alibi.
570 2883 619 2962 (b)
643 2884 739 2945 Certa:
761 2882 824 2947 001.
838 2881 859 2946 i.
871 2887 919 2944 29.
962 2882 1007 2960 (e)
1036 2882 1147 2942 Oreus:

202 2981 269 3042 Aet.
290 2981 356 3047 xiii.
378 2987 426 3042 25.
449 2983 496 3061 (d)
521 2984 631 3046 cerro.-
652 2981 789 3043 Galatii
805 2986 842 3054 2;
871 3003 900 3042 v.
917 2981 945 3041 7.
972 2981 1144 3059 (emortuas

203 3083 295 3158 Apoe.
310 3082 342 3146 ii.
361 3087 414 3157 103
435 3083 478 3144 iii.
497 3088 542 3149 11.
585 3085 634 3163 (f)
658 3085 784 3146 Corone:
801 3085 819 3142 2
834 3082 911 3152 Tim,
925 3082 960 3151 ii.
976 3089 1007 3149 5.

243 3183 312 3242 ⁴⁶32.
335 3183 405 3250 Quae
429 3203 495 3243 eum
514 3183 557 3243 ita
577 3187 644 3257 sint,
659 3183 814 3243 dicendum
835 3186 880 3242 est
905 3183 957 3242 rel
977 3187 1066 3262 opera
1084 3185 1147 3244 bona

205 3288 304 3346 nostra
316 3305 383 3346 vere
396 3288 427 3344 et
439 3283 554 3362 proprie
566 3303 684 3357 merere,
700 3283 749 3344 vel
762 3283 988 3344 similitudinem
1000 3284 1088 3346 istam
1098 3303 1146 3344 non

206 3388 242 3446 ad
255 3385 461 3446 illustrandum
474 3383 606 3444 adhiberi
619 3385 670 3444 sed
682 3384 719 3444 ad
732 3383 903 3444 fallendum.

245 3490 315 3548 ⁴⁶3³.
335 3489 549 3549 Aueuunrrrnm
562 3486 598 3546 V.
618 3487 667 3546 Ex
683 3485 753 3546 loeis
774 3485 805 3544 in
827 3484 935 3563 quibus
953 3486 1034 3547 salus
1051 3489 1146 3547 reterns

207 3589 362 3650 exhibetur
374 3592 409 3648 ut
422 3607 494 3665 opus
507 3607 525 3648 a
537 3587 621 3647 nobis
642 3585 830 3657 efficiendum,
854 3585 922 3644 finis
942 3591 1044 3648 nostro
1062 3587 1146 3646 labore
1192 3663 1193 3666 Ἴ

207 3687 408 3764 assequendas.
458 3687 491 3754 Si
512 3690 609 3748 eutem
632 3705 718 3764 opera
740 3689 839 3748 nostra
860 3704 919 3746 non
936 3705 1008 3748 vere
1029 3689 1145 3748 mereant
