2410 4314
67 423 158 467 msr.
172 389 242 487 rm]
291 402 345 465 De
363 400 482 466 Gratata
497 400 653 468 elevante:
676 402 824 488 partitae.
985 429 1023 494 73

67 571 146 628 dum
160 567 282 627 excitati
295 567 394 628 divina
413 567 506 644 gratia
520 571 550 629 et
563 568 667 647 adjuti,
689 569 775 630 fidem
789 572 942 632 exauditu
956 593 1024 633 oon·

66 667 329 746 cipiantes,1ibere
352 671 506 728 moventur
527 668 559 727 in
582 669 687 742 Deum,
710 671 857 731 credentes
878 692 946 732 vera
965 695 1025 735 esse

66 787 141 845 quaa
157 765 296 826 divinitus
309 767 436 827 revelata
449 771 479 828 et
493 769 633 845 promissa
646 769 744 830 sunt.''
786 771 859 832 Sese.
876 778 902 844 6,
919 794 979 852 cap.
996 782 1022 836 6.

68 946 88 1028 ᾖ
108 951 137 1007 3.
158 944 301 1006 Probatur
319 945 463 1006 Doctrina
480 947 623 1008 Catholicae
642 949 674 1007 de
693 951 852 1011 necessitate
868 955 968 1029 ,orata
988 957 1026 1014 od

273 1065 355 1122 opero
369 1046 515 1121 colatorio,
532 1053 627 1107 eontra
639 1049 814 1128 Pelagianos.

69 1209 123 1267 34.
147 1205 318 1265 Paorosrrro
339 1205 459 1265 1.-aa
476 1225 552 1266 omae
569 1226 637 1283 opas
656 1206 779 1268 solatore
801 1209 918 1270 absolate
937 1230 1023 1272 aeaea-

300 1305 378 1364 am’a
391 1311 431 1365 eat
441 1306 539 1383 qratia
552 1307 667 1367 interae
680 1306 795 1368 olerona.

116 1468 166 1526 35.
188 1464 349 1541 Propositio
370 1470 415 1524 est
438 1465 474 1524 do
496 1465 562 1536 fide,
585 1469 615 1524 et
638 1465 758 1525 definita
778 1472 822 1526 est
841 1469 874 1527 in
886 1469 1024 1546 Epistolis

68 1565 260 1624 Summorum
280 1563 513 1637 Pontificum,·in
534 1563 672 1625 Consiliis
693 1566 823 1643 antiquis
843 1569 878 1626 ab
895 1568 1025 1628 Ecclesia

68 1663 203 1742 probatis
216 1667 246 1723 et
258 1663 290 1722 in
305 1663 484 1738 Tridentino,
502 1665 576 1724 Sess.
591 1670 619 1736 6,
637 1684 698 1724 cau.
714 1670 732 1724 2
747 1670 777 1724 et
791 1671 818 1725 3.

115 1763 258 1822 Probatur
282 1783 320 1822 ex
342 1761 377 1822 S.
398 1763 558 1838 Sarapiacae.
607 1765 819 1824 Anauuauruu
843 1765 868 1824 I.
902 1765 1023 1826 “Nemo

68 1866 171 1942 potest
188 1862 295 1942 venire]
305 1862 342 1921 ad
364 1883 419 1936 me,
442 1863 501 1921 nisi
522 1864 618 1937 Pater,
642 1863 693 1941 qui
720 1864 801 1924 misit
824 1883 880 1938 me,
901 1867 1024 1925 traxerit

71 1964 173 2024 eum.’'
194 1964 278 2022 Joan.
294 1963 334 2023 vi.
349 1968 397 2024 44.
440 1964 514 2023 Sane
534 1965 554 2024 J
556 1963 632 2022 udoei
654 1968 869 2024 murmurantes
890 1966 920 2024 et
934 1963 1023 2025 incre·

70 2063 149 2135 duli,
175 2081 246 2140 quos
267 2063 315 2121 hia
349 2062 509 2140 alloquitur
540 2063 681 2136 Christus,
704 2082 823 2140 magnas
855 2073 1026 2142 receperunt

71 2163 184 2238 gratias
202 2167 344 2234 externas,
370 2162 477 2238 quibus
490 2161 675 2238 adigerentur
695 2163 732 2222 ad
752 2163 839 2223 fidam
852 2164 1024 2243 cuicumque

70 2263 162 2322 verbo
176 2261 239 2340 ejus
253 2261 454 2321 adhibendam.
495 2261 525 2320 Ii
546 2261 624 2320 enim
646 2261 705 2339 ipsi
728 2268 820 2335 erant,
843 2263 903 2342 qui,
928 2265 1025 2341 “quia

71 2361 213 2420 videbant
225 2361 308 2436 signa
321 2380 387 2438 quoe
407 2361 531 2420 faciebat
552 2380 639 2438 super
658 2361 705 2419 his
718 2362 770 2437 qui
783 2361 1023 2423 infirmabantur”

71 2463 163 2540 (vers.
180 2461 221 2539 2),
238 2459 432 2538 sequebantur
453 2479 519 2520 eum
539 2459 571 2518 in
590 2464 727 2531 montem,
745 2464 775 2520 et
787 2451 830 2519 ibi
843 2461 924 2520 aliud
937 2462 1022 2522 mira·

70 2561 174 2640 pulum
193 2579 253 2638 prae
274 2551 376 2620 ceteris
397 2559 581 2636 splendidum
595 2562 624 2618 et
637 2557 824 2634 magnifieum
837 2560 869 2617 in
881 2561 1023 2638 multipli-

70 2661 186 2722 catione
199 2660 329 2738 quinque
348 2679 456 2737 panum
471 2662 500 2718 et
513 2659 636 2718 duorum
649 2658 775 2735 piscium
796 2659 949 2733 viderunt3
966 2681 1023 2738 quo

68 2763 188 2821 tentum
201 2758 298 2819 affecti
311 2763 390 2830 sunt,
405 2762 440 2816 ut
453 2777 519 2818 sum
539 2777 599 2817 esse
612 2776 714 2816 verum
736 2757 908 2836 prophetam
920 2759 1023 2834 pradi-

69 2863 181 2934 carent,
197 2841 350 2919 et'vcllant
374 2877 440 2917 eum
463 2877 563 2934 rapere
583 2862 613 2917 et
633 2859 725 2916 lacere
746 2877 845 2934 regom
866 2857 953 2935 (vers.
977 2863 1022 2932 14,

74 2959 138 3038 15.)
179 2960 218 3018 Et
232 2963 329 3018 tamen
343 2958 424 3016 aliud
445 2957 601 3029 auxilium,
618 2956 780 3033 etquidem
796 2957 1022 3034 supernaturale,

69 3059 238 3122 nouaclum
252 3058 313 3118 illis
333 3058 384 3118 sed
407 3058 541 3117 omnibus
565 3057 695 3117 absoluto
716 3055 910 3116 necessarium
924 3056 982 3116 luit
995 3064 1025 3116 et

69 3164 118 3221 est
139 3163 175 3220 ut
195 3158 363 3220 salutariter
386 3157 513 3229 credaut,
537 3175 652 3233 nempe,
676 3155 810 3216 attractio
834 3155 938 3215 Patria.
982 3158 1029 3214 1⁰:

70 3262 172 3320 Sermo
187 3258 275 3319 estin
288 3261 376 3319 textu
396 3258 432 3318 de
452 3255 563 3316 auxilio
585 3254 798 3332 supernaturali
811 3253 935 3313 interno.
975 3255 1022 3312 Ex

68 3379 132 3420 una
154 3359 232 3419 euim
255 3366 347 3436 parte,
373 3375 471 3418 omnes
491 3375 558 3416 suas
580 3357 658 3414 vires
678 3353 828 3414 naturales
847 3354 974 3428 integras
994 3362 1024 3413 at

68 3459 213 3538 perlectas
236 3462 266 3520 et
285 3456 435 3535 expeditos
457 3456 620 3529 habebant;
643 3474 681 3516 ax
704 3454 795 3513 altera
817 3452 1025 3537 ve103auxilia

67 3559 218 3620 habebant
241 3562 363 3619 externa
386 3555 582 3634 copiosissima
601 3558 630 3614 et
643 3551 851 3632 potentissima,
868 3553 901 3609 ut
915 3569 951 3610 ex
961 3551 1024 3626 jam

67 3659 158 3721 dictis
181 3659 367 3720 manifestum
391 3662 445 3718 est.
497 3661 536 3717 2⁰.
559 3657 659 3716 Sermo
683 3658 726 3715 est
748 3653 783 3712 de
802 3651 860 3712 fide
883 3649 1021 3713 salutari:

552 3765 569 3821 5
