2424 4300
105 407 185 452 mse.
203 383 273 474 rm]
318 387 373 452 De
391 386 513 452 Grotz'o
528 389 687 454 elevante:
707 389 856 474 positive.
1010 395 1048 474 87

145 555 191 614 76.
214 553 296 629 aare.
318 554 491 630 Distinguo:
518 557 597 614 Deus
617 556 658 614 ita
673 561 771 631 ageret
784 577 821 616 ex
835 576 887 616 sua
900 557 1051 616 voluntate

102 652 192 710 libera
211 656 242 712 et
261 672 334 730 pure
354 653 529 712 misericordi
544 655 676 714 salvandi
690 675 788 714 omnes
808 655 946 728 homines,
963 656 1051 716 etiarn

102 750 225 824 praeviso
239 756 355 827 peccato
369 752 512 828 originali,
524 757 554 813 et
567 774 605 813 ex
619 755 732 814 decreto
746 775 803 832 quo
818 756 936 832 proinde
950 755 1053 816 statuit

102 851 209 926 gratias
224 851 304 910 adid
318 851 492 912 sufficientes
512 855 647 913 omnibus
668 854 783 930 elargiri
797 857 850 932 qui
863 855 975 914 obicem
995 875 1053 914 non

101 957 261 1025 ponerent:
293 951 442 1012 Concedo:
472 953 549 1018 Quia
575 954 637 1012 vita
659 953 739 1012 illius
763 954 905 1012 silvestris
927 954 1053 1013 hominis

100 1049 248 1108 moraliter
268 1053 344 1110 bona
357 1051 451 1110 ullum
472 1053 560 1112 habet
577 1054 715 1112 meritum
737 1073 794 1130 quo
812 1053 849 1111 ad
863 1053 929 1112 illae
946 1053 1054 1129 gratias

100 1147 280 1225 elargiendam
301 1155 466 1210 moveretur
487 1152 583 1210 Deus:
599 1152 691 1228 Nego.
733 1152 807 1210 Haec
826 1151 949 1228 pulchra
966 1152 1054 1210 habet

99 1245 177 1306 idem
201 1248 234 1308 S.
250 1249 373 1308 Tirones
396 1251 518 1329 (Contra
542 1251 658 1321 Gentes,
680 1251 701 1310 l.
722 1256 750 1322 3,
768 1270 791 1310 e.
815 1250 1054 1328 irrep-“Licet

99 1345 207 1422 aliquis
233 1368 286 1425 per
311 1354 423 1408 motum
449 1349 534 1408 liberi
562 1349 676 1410 arbitrii
703 1350 830 1409 divinam
852 1348 975 1428 gratiam
1001 1368 1053 1408 nec

98 1446 256 1519 promereri
282 1466 336 1507 neo
370 1449 518 1525 acquirere
546 1450 645 1526 possit,
681 1453 777 1526 potest
803 1453 900 1508 tomen
927 1448 1053 1525 seipsum

98 1543 240 1621 impedire
262 1566 299 1606 ne
322 1567 384 1606 earn
412 1548 536 1624 recipiat
538 1588 679 1608 .....
706 1549 746 1606 Et
770 1567 862 1624 quum
884 1548 938 1606 hoc
961 1547 999 1606 eit
1022 1548 1052 1604 in

97 1646 240 1720 potestate
254 1646 339 1706 liberi
350 1647 470 1718 arbitrii,
480 1647 619 1725 impedire
628 1647 736 1706 divinoe
750 1647 850 1723 gratiae
861 1646 1053 1723 receptionem

97 1743 146 1802 vel
167 1763 226 1804 non
247 1744 395 1822 impedire,
411 1766 469 1806 non
489 1748 634 1806 immerito
658 1747 689 1806 in
711 1747 825 1824 culpam
846 1746 1009 1824 imputatur
1026 1744 1054 1804 ei

97 1846 152 1926 qui
165 1846 406 1923 impedimentum
420 1852 538 1926 praestat
551 1848 653 1924 gratioe
667 1847 834 1925 receptioni.
868 1850 949 1906 Deua
963 1846 1050 1914 enim,

96 1950 241 2026 quantum
265 1947 298 2006 in
320 1967 350 2008 se
374 1953 427 2022 est,
452 1952 569 2025 paratus
593 1952 637 2008 est
662 1949 796 2008 omnibus
817 1950 940 2022 gratiam
963 1947 1050 2006 dare:

99 2049 231 2108 ‘omnes’
247 2048 325 2108 enim
341 2047 492 2108 ‘homines
506 2049 572 2108 vult
583 2050 677 2108 salvos
690 2050 762 2122 fieri,
780 2055 809 2108 et
823 2049 859 2106 ad
874 2048 1052 2124 agnitionem

94 2147 231 2208 veritatis
244 2148 362 2221 venire,'
379 2153 412 2206 ut
423 2148 530 2208 dicitur
543 2153 555 2206 l
570 2150 643 2208 Tim.
658 2148 688 2208 ii.
706 2154 733 2206 4.
763 2149 820 2208 Sed
833 2147 879 2206 illi
893 2147 947 2207 soli
959 2147 1052 2224 gratia

94 2247 251 2326 privantur
272 2247 374 2324 quiin
393 2247 610 2324 seipsisgretioe
631 2248 873 2325 impedimentum
893 2249 1049 2326 praetant:

94 2346 182 2418 sicut,
200 2347 258 2406 sole
279 2348 421 2406 mundum
439 2347 633 2421 illuminante,
649 2348 681 2406 in
702 2348 819 2426 culpam
837 2347 1001 2423 imputatur
1024 2345 1052 2404 ei

93 2447 149 2524 qui
172 2447 269 2506 oculos
290 2448 410 2521 claudit,
435 2448 460 2508 ei
482 2469 519 2508 ex
541 2449 594 2507 hoo
621 2449 739 2525 aliquod
766 2448 875 2506 malurn
902 2441 1050 2524 aequatur,

94 2546 169 2606 lieet
183 2547 279 2605 videre
294 2567 352 2606 non
363 2549 455 2626 possit
468 2548 524 2608 nisi
538 2547 649 2607 lumine
664 2547 731 2608 eolis
743 2544 971 2624 preveniatur.”

137 2646 185 2706 77.
219 2646 338 2723 Urgetur
363 2652 390 2708 2.
420 2648 453 2708 Si
475 2649 554 2706 Deus
576 2648 625 2706 dat
647 2647 771 2723 gratiam
796 2666 855 2704 non
877 2644 1051 2722 ponentibus

92 2744 223 2818 obieem;
252 2766 319 2823 ergo
341 2766 378 2806 ex
404 2747 504 2806 eadem
527 2747 600 2823 lege,
627 2746 768 2806 contrario
796 2745 890 2816 modo,
917 2764 975 2802 non
1002 2744 1051 2802 dut

93 2844 222 2922 gratiam
235 2847 409 2923 ponentibus
421 2845 540 2906 obicem.
571 2847 628 2906 Sed
636 2847 690 2906 hoc
704 2844 890 2905 falsissimum
905 2849 968 2903 eet:
984 2862 1050 2902 cum

93 2963 133 3004 ex
159 2944 268 3005 adultis
289 2946 434 3007 conversis
457 2946 494 3004 ad
514 2945 603 3006 fidem
626 2944 793 3024 paucissimi
815 2946 895 3003 sucre
918 2942 1051 3020 quinon

94 3049 260 3122 posuerunt
273 3045 399 3108 obicem:
422 3045 481 3104 imo
494 3045 581 3104 multi
594 3045 675 3105 fuere
689 3045 786 3122 magni
800 3048 970 3121 peccatores.

145 3150 192 3208 ta.
214 3146 302 3222 Rcop.
316 3148 399 3223 Nego
414 3145 657 3224 consequentiam,
678 3146 726 3206 vel
740 3144 912 3220 Distinguo:
936 3141 967 3202 si
984 3141 1052 3200 solie

95 3268 159 3308 non
173 3246 348 3324 ponentibus
362 3246 498 3306 statuerit
510 3246 591 3304 Deua
606 3245 673 3304 dare
687 3244 825 3320 gratiam:
843 3243 988 3302 Concedo:
1004 3239 1050 3298 vel

96 3349 158 3408 alio
172 3348 274 3406 modo:
302 3347 333 3407 ai
347 3346 407 3406 illie
421 3348 470 3406 det
487 3345 619 3422 gratiam,
640 3346 778 3422 quianon
794 3341 925 3420 ponendo
940 3339 1050 3398 obicem

96 3467 162 3508 sese
175 3447 300 3525 positive
314 3447 473 3524 disponunt
486 3447 522 3506 ad
530 3445 672 3522 gratiam;
695 3448 725 3502 et
739 3444 763 3500 si
778 3443 845 3501 eolis
855 3441 895 3502 eic
905 3438 1051 3517 disponitis

96 3547 236 3608 statuerit
253 3548 333 3608 Deus
350 3548 417 3606 dare
436 3545 558 3622 gratiam
578 3545 669 3624 (quod
687 3549 844 3619 utrumque
859 3540 974 3600 omnino
994 3537 1049 3596 fal·

96 3667 166 3708 enm
180 3647 252 3725 est):
269 3647 416 3708 Concedo:
434 3647 466 3706 Si
480 3667 516 3706 ex
527 3645 587 3706 sola
597 3643 748 3706 voluntate
760 3661 811 3702 sna
821 3641 911 3702 libera
920 3636 1050 3700 salvandi
