2424 4300
85 429 165 474 ursr.
181 406 250 491 un]
299 403 354 468 De
372 403 495 469 Gratia
510 403 675 473 elevante:
695 405 845 493 positive.
959 427 963 434 ·
992 432 1031 493 9³

123 578 170 632 91.
201 569 293 631 Multi
315 571 443 645 congesti
464 573 534 630 sunt
555 575 656 630 textus
679 573 846 649 Scriptura,
871 575 904 632 in
927 574 1035 652 quibus
1061 619 1062 624 η

82 671 223 731 insinuari
236 670 384 728 videretur
394 669 512 728 initium
535 671 604 730 boni
626 671 720 748 operis
742 678 771 732 et
791 674 986 746 conversionis
999 677 1035 735 ad

81 773 177 831 Deum
198 770 261 829 sine
278 771 373 846 gratia
398 769 498 828 haberi
522 790 615 848 posse.
666 773 723 832 Sed
744 792 846 832 revera
865 793 963 834 omnes
976 775 1034 835 illm

82 871 267 931 difficultates
281 869 381 928 eodem
394 868 537 947 principio
557 871 687 948 generali
707 872 783 930 claro
797 877 827 933 at
841 877 918 932 certo
932 875 1034 934 dissol-

83 975 203 1030 vuntur.
247 969 360 1046 Sapius
373 969 491 1045 quidam
511 969 543 1028 in
564 971 715 1048 Scriptura
734 979 930 1034 memorantur
950 974 1036 1034 initia

84 1089 203 1148 operum
217 1067 388 1128 salutarium
400 1067 448 1128 val
463 1069 625 1129 suadentur
632 1070 681 1130 vel
693 1071 912 1149 praecipiuntur,
929 1074 1036 1152 absque

82 1172 144 1230 ullu
157 1168 303 1230 mentione
316 1169 417 1245 gratia
441 1169 478 1227 ad
499 1188 533 1228 ea
555 1170 687 1230 habenda
708 1172 885 1244 necessariae,
911 1178 940 1232 et
953 1174 1036 1251 quusi

82 1289 119 1331 ex
133 1269 220 1328 nobis
233 1287 293 1338 osso
307 1271 434 1344 possent.
478 1272 521 1327 At
534 1287 602 1328 vero
622 1269 653 1327 in
674 1269 740 1330 aliis
754 1275 798 1330 tot
810 1271 881 1330 locis
895 1273 965 1332 adeo
977 1274 1035 1332 dis-

83 1372 145 1430 erte
154 1371 185 1429 et
194 1372 271 1428 certo
285 1368 466 1444 significatur
479 1368 634 1428 necessitas
647 1369 748 1446 gratia
762 1371 892 1430 absoluta
903 1373 939 1430 ad
951 1371 1037 1432 initia

82 1469 140 1528 ista
153 1469 294 1546 ponenda,
320 1471 364 1540 ut,
391 1467 548 1526 secundum
570 1467 665 1544 legem
685 1469 824 1546 loquendi
844 1471 1036 1530 universalem

83 1568 158 1646 (vid.
174 1569 202 1626 d.
221 1572 265 1638 10,
281 1587 311 1624 n.
328 1566 429 1644 61-2),
444 1585 503 1627 non
521 1569 639 1627 tantum
659 1587 770 1646 semper
789 1569 916 1646 intelligi
936 1569 1037 1630 debeat

82 1668 141 1726 ista
164 1666 300 1737 conditio,
324 1685 426 1724 verum
450 1665 538 1724 etiam
562 1685 626 1724 eam
658 1667 745 1726 toties
768 1668 882 1746 quoties
908 1673 1036 1745 repetere

82 1765 191 1826 inutile
205 1769 235 1826 ct
247 1764 453 1824 inconcinnum
473 1775 564 1825 esset:
588 1785 684 1843 supra,
699 1787 728 1828 n.
746 1772 794 1827 56.
836 1767 949 1826 Textus
969 1787 1036 1844 ergo

82 1866 152 1926 illos
164 1885 252 1944 quam
265 1865 392 1925 breviter
406 1865 602 1924 oncdahimus.

124 1973 175 2027 92.
197 1967 367 2027 Obcctiones
389 1986 427 2026 ex
451 1966 481 2025 S.
497 1966 657 2044 Scriptura.
703 1967 805 2044 Object.
822 1973 848 2028 5.
871 1967 1037 2027 “Hominis

83 2074 129 2128 est
154 2067 279 2126 animam
302 2085 483 2144 praepararc:
506 2070 535 2128 at
548 2067 667 2126 Domini
689 2068 850 2143 gubernare
872 2067 1035 2144 linguam.”

83 2169 172 2228 Prov.
186 2167 248 2228 xvi.
267 2171 291 2226 l.
334 2166 414 2242 Opus
436 2165 562 2226 hominis
585 2166 628 2224 ibi
652 2166 824 2228 antitheticc
848 2167 1038 2244 distinguitur

82 2268 119 2327 ab
134 2286 220 2344 opere
234 2265 299 2339 Dei,
312 2269 342 2326 at
356 2284 423 2342 crgo
437 2267 482 2324 est
496 2285 568 2342 opus
583 2284 654 2341 puro
674 2265 818 2326 naturale.
860 2267 952 2342 Atqui
967 2287 1038 2344 opus

82 2367 212 2428 hominis
226 2371 269 2426 est
280 2366 408 2443 incipere
423 2384 495 2442 opus
508 2365 573 2438 Dei,
590 2365 610 2425 i.
623 2385 648 2424 a.
664 2386 736 2442 opus
751 2366 886 2426 salutare.
952 2407 956 2414 -

104 2527 107 2532 ,
124 2472 175 2527 93.
196 2467 282 2542 Resp.
303 2465 461 2543 Distinguc
474 2485 576 2526 verum
589 2485 705 2524 sensum
717 2469 817 2524 textus
831 2485 847 2523 a
859 2464 932 2523 falso
944 2484 956 2523 ¹:
977 2466 1038 2524 Ho-

82 2567 174 2627 minis
187 2569 239 2638 cst,
256 2565 400 2624 excitante
413 2566 443 2624 et
456 2563 502 2641 adj
507 2567 614 2622 uvanto
627 2563 728 2639 gratia,
740 2581 901 2639 praeparare
914 2562 1040 2622 animam

82 2673 121 2732 ad
144 2669 322 2748 loquendum
346 2667 512 2729 salutariter
525 2670 555 2727 et
569 2668 722 2727 efficaciter
736 2666 773 2747 [“
783 2666 907 2726 hominis
923 2670 965 2728 cst
978 2667 1039 2727 ani-

84 2791 167 2832 mam
181 2766 379 2847 praeparare”]
393 2788 400 2839 ;
422 2768 482 2840 sed,
497 2771 532 2826 ut
546 2771 614 2827 actu
626 2767 668 2826 ita
681 2767 827 2844 loquutur,
851 2766 909 2826 alia
928 2766 1041 2844 indiget

82 2869 181 2949 gratia
191 2868 229 2948 [“
240 2866 361 2928 Domini
375 2867 536 2942 gubernare
557 2866 688 2942 linguam
699 2865 743 2947 '’]‚
769 2866 930 2926 secundum
953 2865 1037 2938 illud,

86 2978 97 3031 l
118 2971 184 3030 Oor.
199 2967 242 3026 iii.
265 2972 363 3026 6:-“
374 2967 437 3042 Ego
456 2965 596 3043 plantavi,
618 2966 724 3044 Apollo
742 2965 867 3041 rigavit:
890 2966 941 3048 scd
958 2965 1040 3024 Deus

82 3071 299 3130 incrementum
323 3066 406 3126 dedit
417 3067 446 3123 :'’
478 3066 627 3126 Concedo:
654 3065 790 3125 Hominis
811 3069 856 3124 est
879 3084 1040 3142 praeparara

82 3169 215 3230 animam
239 3167 351 3226 viribus
373 3165 574 3226 naturalibus:
596 3166 687 3242 Nego.
731 3165 799 3224 Siue
821 3163 910 3223 dubio
931 3163 1041 3222 Paulus

82 3290 147 3331 non
168 3267 314 3346 plantavit
334 3265 391 3324 nisi
412 3265 531 3344 adjutus
552 3265 655 3341 gratia,
679 3264 737 3323 imo
759 3263 853 3340 gratia
883 3282 987 3339 magna
1011 3269 1040 3321 at

83 3369 234 3439 maxima;
256 3372 286 3428 at
299 3370 396 3426 tamen
410 3385 482 3442 opus
495 3365 566 3442 ejus,
582 3364 664 3423 nulla
677 3366 834 3424 memorata
849 3362 950 3439 gratia,
964 3361 1039 3422 anti·

81 3469 196 3532 thetica
210 3466 402 3543 distinguitur
415 3467 450 3525 ab
464 3484 548 3543 opere
561 3464 626 3538 Dei,
641 3463 721 3523 utin
734 3467 820 3524 textu
832 3461 979 3541 praesenti.

128 3574 177 3628 94.
205 3568 300 3646 Olject.
316 3572 343 3640 6,
359 3584 396 3626 ex
418 3566 516 3626 eodem
538 3565 673 3624 Proverb.
696 3563 799 3649 capita,
820 3583 880 3622 ver.
897 3568 932 3621 9:
957 3562 1040 3621 “Cor

81 3668 216 3731 hominis
241 3667 369 3746 disponit
391 3665 470 3727 viam
502 3684 601 3726 suam:
634 3664 685 3724 sed
705 3663 825 3722 Domini
851 3667 896 3723 est
916 3660 1040 3738 dirigere
