2408 4304
554 373 571 427 3

83 524 145 583 alio
159 524 225 584 looo
234 526 277 596 (n.
292 525 363 603 608)
378 526 485 586 diserte
498 531 529 586 st
542 529 660 586 strenue
679 527 807 586 officium
826 526 901 586 illud
916 527 1043 588 declar-st

82 627 117 682 et
130 630 272 683 asseverat
287 625 322 683 de
336 625 415 684 omni
429 625 600 701 poenitente,
622 625 675 702 qui
695 643 878 703 quocumque
898 627 983 686 modo
996 625 1043 684 in·

82 722 243 799 dispositus
254 725 290 782 ad
301 725 508 784 confessionem
518 725 629 784 accedit
640 731 712 784 :-“
719 726 917 785 Confesssrius
925 729 1045 785 tenetur

83 826 230 897 quantum
253 827 348 898 potest
369 825 404 882 ad
428 824 639 900 disponendum
659 843 745 884 suum
758 825 965 902 poenitentem,
990 825 1044 902 qui

83 920 276 997 indispositus
299 922 418 982 accedit.
460 923 602 990 Quocirca
627 923 724 982 nescio
750 924 895 1000 quomodo
918 943 935 982 a
956 924 1043 1000 'culpa

82 1020 220 1078 excusari
240 1023 351 1098 possint
368 1022 480 1081 desides
499 1021 545 1080 illi
565 1023 739 1095 confessarii,
760 1023 813 1100 qui
827 1013 926 1082 stetim
940 1041 974 1081 sc
988 1041 1040 1080 no·

81 1119 183 1176 verint
203 1121 392 1194 poenitentem
406 1141 463 1178 non
478 1121 548 1179 satis
562 1121 744 1198 dispositum,
767 1121 931 1192 dimittunt,
955 1121 1038 1180 nulls

84 1223 139 1274 cut
152 1217 236 1276 valdo
255 1219 368 1278 modica
388 1219 536 1296 praemissa
555 1221 710 1295 diligentia
730 1221 767 1279 ad
787 1239 854 1279 eum
868 1219 1039 1278 curandum.

85 1317 160 1376 Dico
174 1318 250 1376 enim
264 1320 342 1395 quod
355 1319 546 1377 confessarius
560 1324 677 1378 tenetur
689 1339 722 1377 soa
734 1320 862 1396 riqorosa
876 1315 1041 1394 otliyats'ons

84 1413 236 1474 charitato
257 1437 325 1478 eum
345 1401 661 1494 disponere'quantum
681 1418 769 1490 volet,
792 1417 964 1494 exponendo
984 1415 1041 1491 ipsi

85 1514 299 1574 deformitatem
322 1517 442 1592 peccati,
462 1517 589 1575 valorem
612 1517 719 1575 divinae
742 1515 854 1592 gretiae,
878 1513 1041 1592 periculum

85 1613 288 1685 damnationis,
308 1619 338 1674 et
361 1615 475 1685 similia,
499 1615 613 1674 etiamsi
632 1617 760 1674 multum
781 1614 918 1692 temporis
936 1614 969 1673 in
987 1613 1042 1673 hoc

85 1713 253 1788 impendere
267 1714 379 1773 debeat.
414 1713 444 1772 N
444 1733 476 1774 ec
487 1715 515 1773 ei
529 1733 605 1774 curce
620 1734 680 1774 esse
694 1715 781 1774 debet
791 1714 871 1790 quod
882 1712 934 1772 olii
946 1703 1041 1790 poeni‘·

85 1815 182 1869 tentes
199 1817 371 1888 expectent:
396 1831 462 1871 nam
483 1819 554 1872 tuno
574 1814 765 1872 confessarius
785 1829 842 1872 non
863 1815 981 1871 tenetur
996 1817 1040 1870 at·

83 1909 204 1968 tendere
218 1911 254 1968 ed
268 1913 373 1969 bonum
388 1912 518 1983 aliorum,
535 1913 585 1972 sed
597 1917 713 1972 tanturn
727 1913 772 1970 sui
785 1908 963 1988 poenitentis,
986 1927 1038 1986 pro

86 2027 147 2085 quo
161 2014 273 2067 tantum
284 2009 340 2068 'illo
363 2009 428 2090 [ille
439 2009 468 2090 i]
484 2018 567 2085 tuno,
586 2031 644 2070 non
658 2031 725 2071 vero
744 2031 795 2089 pro
810 2009 883 2082 eliis,
899 2009 1040 2070 rationem

86 2113 133 2166 est
146 2108 209 2165 Deo
223 2109 420 2168 redditurus.”
879 2095 883 2102 ¹

130 2210 176 2265 13.
199 2208 278 2265 Vera
312 2227 379 2283 ergo
406 2209 538 2267 doctrina
572 2211 601 2268 S,
626 2213 779 2267 Anrnonsr
815 2209 866 2287 (et,
895 2212 931 2268 ut
956 2213 1039 2286 puto,

86 2308 218 2365 omnium
233 2312 284 2366 aut
296 2309 357 2387 fere
371 2311 500 2368 omnium
515 2311 647 2384 gravium
663 2309 828 2387 auctorum)
843 2311 904 2369 haec
918 2313 968 2369 ost
990 2309 1040 2386 (i.)

86 2407 246 2465 Recidivus
277 2409 330 2484 qui
357 2409 394 2466 ad
425 2408 632 2467 confessionem
666 2410 727 2467 sine
753 2407 812 2466 atto
841 2407 1042 2466 emendatione

86 2507 206 2577 accedit,
219 2507 358 2582 quamdin
372 2508 404 2566 in
417 2508 469 2565 illo
483 2513 563 2566 stetu
573 2507 605 2564 in
614 2526 672 2583 qno
687 2507 799 2566 accedit
809 2505 921 2576 existit,
931 2502 1042 2565 absolvi

85 2626 146 2664 non
160 2607 252 2664 debet.
296 2607 354 2684 (ii.)
377 2609 416 2665 Et
438 2609 514 2666 idem
534 2608 689 2666 dicendum
709 2607 744 2665 de
759 2607 901 2683 ejusmodi
915 2605 1042 2666 recidivo

85 2706 130 2763 ita
145 2707 296 2764 accedente
310 2709 397 2766 etiarn
411 2713 476 2784 post
489 2727 579 2765 unam
597 2706 824 2766 confessionem:
847 2705 952 2765 Praxis
966 2705 1041 2766 Gon·

85 2806 209 2876 sessani,
225 2825 254 2864 n.
271 2807 316 2865 71.
350 2807 436 2864 Ratio
446 2807 489 2865 ibi
503 2790 591 2865 allata
604 2807 677 2864 mihi
691 2807 801 2864 invicta
811 2805 938 2864 videtur.
968 2805 1041 2883 (iii.)

86 2905 161 2962 Dixi
186 2891 355 2980 “qnamdiu
378 2909 408 2964 in
433 2907 483 2964 illo
507 2905 615 2978 stetu,''
640 2909 688 2964 &a
729 2906 804 2963 Eum
827 2905 905 2963 enim
925 2903 978 2981 qui
1001 2903 1042 2962 sic

85 3005 276 3080 indispositus
296 3007 402 3064 accedit
423 3007 611 3065 confessarius
631 3006 753 3065 seientia
767 3005 928 3080 theologica
941 3003 1043 3062 morali

86 3111 118 3166 et
132 3109 254 3165 ascetioa
267 3107 337 3166 bene
351 3107 511 3165 instructus
525 3111 555 3166 et
569 3108 707 3166 charitate
720 3107 855 3182 flagrans,
878 3111 898 3138 ‘¹
908 3121 966 3163 non
980 3105 1043 3163 sino

87 3205 162 3264 fusis
189 3225 227 3264 ex
254 3206 359 3264 intimo
387 3207 471 3264 eorde
497 3209 533 3263 ad
560 3207 655 3264 Deum
682 3203 833 3282 precibus”
856 3204 930 3278 (Lao
951 3203 1041 3276 XII,

87 3305 209 3382 Encyol.
231 3305 374 3363 Charitote
392 3304 509 3373 Oarion,
532 3309 569 3364 25
590 3303 835 3380 Decemb.1825)
857 3321 894 3361 ex
913 3301 1042 3379 indispo-

88 3405 145 3461 sito
168 3403 339 3479 dispositum
359 3405 453 3462 facere
475 3406 579 3479 potest.
622 3403 691 3479 (iv.)
711 3401 816 3467 Quivis
839 3399 993 3472 recidivus,
1017 3399 1042 3459 st

88 3503 306 3562 extraordinaria
318 3505 401 3578 signa
415 3503 520 3561 doloris
534 3503 644 3574 afferet,
661 3501 770 3560 absolvi
784 3505 888 3577 potest.

133 3605 177 3660 14.
201 3602 265 3674 Sed,
282 3610 316 3660 ut
323 3603 386 3679 jem
401 3602 472 3676 dixi,
489 3602 593 3662 infelix
608 3607 652 3662 est
666 3601 745 3661 istud
756 3599 1040 3670 recchilanem:
