2410 4314
77 417 171 464 nise.
188 393 255 483 111.]
303 397 357 462 De
375 393 495 464 Gratz'e
511 400 671 464 elevante:
691 393 838 483 positive.
1000 400 1041 480 65

75 564 197 624 turales
212 565 369 623 seeundum
384 565 535 625 entitatem
550 564 666 624 admisit
680 564 823 641 Pelagius.
856 565 896 624 Ilt
910 563 1044 642 quamvis

77 664 237 722 admiserit
256 663 425 724 interiorem
445 665 688 724 illuminationem
704 685 740 722 ex
754 675 835 741 parte
856 663 1045 742 abjectique

76 763 235 840 nempaS.
252 762 375 823 Senatus
389 763 495 823 elarius
509 771 538 824 et
552 763 718 824 distinctius
732 763 896 823 intellectui
910 761 1045 840 proponit

76 862 218 940 aliquam
237 861 399 936 veritatem,
422 863 470 924 aui
492 862 609 942 quidem
634 863 703 922 solis
726 862 839 922 viribus
861 863 1045 923 naturalibus

76 963 300 1034 assentiamur;
322 982 474 1042 nunquam
492 971 591 1024 tamen
612 963 730 1023 admisit
743 962 910 1024 interiorem
931 961 1043 1021 illumi⁴

77 1062 236 1122 nationem
250 1083 287 1123 ex
301 1065 383 1140 parte
395 1064 532 1142 potentiae
552 1083 603 1125 seu
622 1063 788 1124 intellectis
809 1061 989 1143 [hortamen
1010 1063 1046 1122 ab

78 1163 164 1236 aliis,
178 1167 214 1222 ut
228 1163 407 1236 Moumaue,
423 1161 574 1244 negatur],
590 1184 648 1241 qua
668 1183 770 1241 nempe
789 1163 957 1224 intellectus
977 1183 995 1222 a
1015 1163 1046 1222 S.

80 1263 196 1322 Sancto
218 1261 347 1322 elevetur
368 1271 398 1322 et
412 1266 609 1324 corroboretur
629 1265 665 1323 ad
684 1263 789 1322 melius
809 1263 1044 1340 intelligendum,

79 1365 116 1422 at
130 1361 170 1421 ad
182 1362 355 1423 eliciendum
369 1371 465 1423 aetum
480 1363 726 1442 supernaturalem
737 1370 766 1424 et
774 1363 944 1425 nobiliorem
959 1381 1046 1442 quam

79 1464 182 1542 possit
193 1469 306 1524 naturae
321 1466 434 1526 viribus
448 1465 581 1526 elicere.’'

129 1563 200 1622 ¹⁵17.
223 1565 368 1625 Parsvrus
382 1567 412 1624 in
427 1565 574 1644 opusculo,
589 1566 667 1643 quod
681 1564 851 1625 inscribitur
873 1569 891 1598 ‘⁸
905 1569 948 1625 De
962 1565 1046 1625 Pela-

83 1662 243 1740 gianorum
264 1669 294 1724 et
314 1665 614 1743 semipelagianorum
629 1665 797 1743 dogmatum
809 1665 973 1738 Historia,’'
996 1685 1046 1726 sex

84 1769 241 1824 enumerat
263 1765 403 1825 beneficia
425 1769 462 1845 (a.
490 1769 517 1839 2,
542 1786 572 1825 n.
598 1767 641 1845 4),
664 1785 731 1844 quae
755 1771 798 1826 tot
820 1785 925 1843 genera
944 1763 1048 1841 gratim

85 1864 206 1925 vocavit
219 1865 371 1942 Pelagius:
382 1871 437 1910 -“
448 1866 508 1927 Sex
522 1865 638 1926 omnino
659 1865 824 1926 divinorum
844 1865 1049 1926 beneficiorum

86 1984 198 2042 genera
211 1964 313 2043 gratiae
336 1965 475 2026 vocabulo
494 1967 697 2044 comprehensa
717 1970 786 2027 sunt
805 1967 837 2026 in
859 1965 912 2026 illa
933 1965 1046 2027 haeresi.

87 2063 223 2124 Primum
237 2069 282 2126 est
295 2071 402 2126 natura
414 2065 478 2144 ipsa
490 2066 626 2141 hominis,
636 2066 820 2146 maximeque
833 2065 957 2127 liberum
972 2065 1048 2127 arbi·

89 2163 193 2225 trium.
235 2165 400 2226 Secundum
427 2171 471 2227 est
496 2171 679 2244 peecatorum
713 2167 854 2228 remissio.
915 2167 1046 2227 Tertium

90 2264 218 2342 quiquid
239 2264 419 2326 extrinsecus
443 2267 580 2345 objicitur
597 2267 634 2326 ad
653 2267 822 2341 doeendum,
839 2267 1048 2327 cohortandum

91 2369 124 2423 et
137 2364 345 2442 impellendum
358 2367 514 2440 hominem,
530 2367 624 2427 veluti
637 2367 696 2438 lex,
712 2371 742 2426 et
756 2366 890 2426 Christus
904 2366 965 2444 ipse
979 2386 1046 2444 pro-

91 2463 205 2541 positus
231 2465 268 2525 ad
292 2465 489 2538 imitandum
525 2466 597 2526 item
626 2465 764 2537 doctrina,
796 2471 933 2526 oreaturae
967 2464 1047 2542 ipsae,

92 2563 244 2640 miraoula,
273 2566 407 2626 terrificae
434 2586 488 2638 res,
518 2571 548 2626 et
574 2565 663 2643 hujus
690 2563 803 2642 generis
830 2564 896 2623 alia.
939 2564 1048 2631 Quarto

92 2663 216 2740 gratiam
235 2665 420 2742 appellabant
435 2665 601 2724 interiorem
621 2664 728 2724 mentis
742 2663 975 2736 illustrationem,
991 2683 1049 2742 qua

93 2763 329 2825 diaboliinsidias
339 2765 443 2842 retegit
456 2765 546 2840 Deus,
557 2769 588 2825 et
602 2764 695 2825 aordis
709 2765 805 2825 oeulos
817 2764 919 2843 aperit.
955 2764 1047 2832 Quin-

94 2868 160 2924 tum
182 2883 273 2940 genus
296 2868 341 2924 est
363 2865 541 2944 regeneratio
560 2867 591 2925 et
611 2864 737 2944 adoptio,
762 2885 819 2944 qua
839 2865 895 2924 filii
919 2864 975 2926 Dei
998 2883 1050 2944 per

95 2963 273 3040 baptismum
286 2964 363 3026 flunt
376 2965 516 3040 homines,
529 2985 562 3026 ao
576 2969 670 3025 status
683 2965 744 3040 ille,
759 2965 791 3025 in
806 2985 863 3044 quo
877 2965 913 3026 ad
926 2984 1050 3043 regnum

97 3063 211 3125 eoeleste
224 3065 432 3143 capessendum
444 3063 543 3125 idonei
558 3068 636 3126 sunt.
677 3065 803 3127 Sextum
816 3069 1050 3144 postremumque

98 3169 143 3224 est
156 3169 263 3224 aterna
276 3163 340 3242 ipsa
353 3165 444 3224 vita.’'

137 3262 203 3322 ηδ.
232 3264 277 3324 De
296 3264 422 3325 seeundo
442 3267 472 3326 et
492 3262 596 3343 quinto
617 3263 756 3325 beneficio
781 3263 923 3344 quaeritur
946 3261 987 3338 10,
1013 3283 1050 3324 an

98 3366 246 3429 admiserit
258 3367 395 3445 Pelagius
408 3367 533 3446 gratiam
546 3367 753 3429 habitualem?
794 3369 877 3446 Reap.
910 3365 949 3428 1⁰.
978 3367 1051 3429 Tota

99 3466 146 3528 vel
170 3467 230 3528 lere
253 3471 314 3530 tota
331 3467 525 3529 controversia
546 3469 622 3529 inter
640 3467 807 3530 (latholieos
828 3474 859 3528 et
881 3465 1051 3544 Pelagianos

99 3571 160 3628 erat
184 3568 220 3628 de
246 3567 340 3646 gratia
365 3567 482 3642 actuali,
507 3587 565 3628 non
590 3569 625 3628 de
648 3567 806 3643 habituali;
836 3571 923 3647 prout
943 3565 1050 3645 possim

100 3667 241 3728 affirmant
258 3666 395 3747 theologi,
416 3671 516 3729 eontra
528 3666 705 3745 singularam
719 3666 893 3729 sententiam
911 3665 1049 3728 Thomas·
