2410 4318
182 450 245 496 210
549 434 605 498 Dr
622 433 754 498 Gratia.
957 433 1061 517 [nrsr.
1077 455 1133 498 v11.

216 603 265 658 56.
285 599 323 658 V.
344 597 488 676 Denique,
503 601 669 660 etsiverum
682 603 765 670 esset,
780 601 858 676 quod
870 599 1064 658 falsissimum
1078 609 1132 671 est,

175 715 235 755 non
248 698 432 758 menifestum
445 699 535 759 fuisse
549 701 584 758 dc
597 701 652 760 hac
665 721 697 760 re
710 701 797 758 fidem
808 700 949 758 Ecclesiae
964 701 1015 758 sed
1029 701 1132 758 obscu-

174 801 278 870 ratam,
295 799 399 859 saltem
413 819 471 877 quo
485 804 613 878 tempore
623 804 654 860 ct
666 801 729 859 loco
750 820 780 860 se
792 801 918 878 primum
938 799 1050 876 prodiit
1062 800 1134 858 Jan·

173 897 324 974 senismus,
340 901 456 977 slongo
479 905 618 979 tempore,
643 921 756 979 nempe,
780 921 818 960 ex
841 920 899 978 quc
920 900 1054 978 quinque
1067 921 1134 977 pro·

170 997 327 1074 positiones
344 1001 365 1060 J
367 1001 479 1061 onscnii
501 1002 645 1060 damnatae
669 1006 747 1073 sunt,
763 1001 821 1060 isto
833 1001 892 1060 fide
905 1001 986 1059 nihil
999 1000 1131 1077 apertius

174 1116 236 1156 esse
247 1102 351 1175 potest,
367 1121 396 1160 v.
409 1121 438 1177 g.
453 1121 490 1159 ex
503 1121 584 1178 prop.
599 1105 698 1160 3:-“
708 1101 757 1160 Ad
770 1101 939 1160 merendum
952 1104 983 1160 et
998 1099 1053 1178 [el.
1066 1097 1133 1178 vel]

175 1195 391 1270 demerendum,
418 1201 451 1258 in
481 1205 560 1260 statu
579 1204 692 1259 naturae
709 1201 808 1277 lcpsae,
830 1220 889 1258 nou
913 1199 1078 1275 requiritur
1101 1201 1133 1256 in

174 1293 292 1356 homine
304 1297 424 1358 libertos
444 1319 462 1358 a
484 1299 664 1372 necessitate,
688 1299 738 1358 sed
757 1298 863 1357 sufficit
884 1299 1006 1358 libertas
1020 1318 1039 1357 o
1051 1317 1132 1356 coac-

173 1393 298 1457 tione:”
326 1418 393 1476 quae
420 1400 577 1478 propositio
605 1401 760 1460 damnatur
787 1403 823 1458 ut
846 1399 994 1459 hrcretica.
1049 1399 1132 1474 Opus

174 1495 355 1558 meritorium
370 1501 448 1576 quod
469 1499 541 1560 fecit
563 1500 649 1560 homo
662 1503 707 1559 est
723 1520 761 1558 ex
774 1498 876 1574 gratim
893 1498 1057 1576 etquidem
1071 1497 1131 1556 effi·

175 1596 246 1667 ceci,
271 1601 342 1676 quio
365 1599 402 1658 fit
422 1619 504 1676 opus.
554 1600 648 1678 Atqui
678 1599 712 1658 in
734 1619 818 1676 opere
840 1599 897 1657 istc
919 1598 1055 1658 faciendo
1071 1618 1129 1656 non

175 1695 282 1756 sufficit
294 1697 416 1758 libertus
428 1720 446 1758 a
459 1700 615 1773 coactione,
631 1700 682 1759 sed
694 1698 855 1776 requiritur
867 1699 988 1758 libertos
1002 1718 1020 1758 a
1033 1718 1129 1758 neces·

175 1794 269 1858 sitote.
308 1800 387 1876 Ergo
399 1801 495 1878 gratia
508 1802 609 1862 efficax
617 1821 675 1860 non
688 1800 850 1860 necessitat.

216 2039 231 2114 5
246 2043 274 2098 6.
294 2038 439 2100 Probatur
448 2039 591 2115 Doctrina
604 2038 747 2099 Catholiro
760 2038 791 2096 dr
804 2038 906 2098 Gratia
921 2038 1090 2117 Sufficimtc.

217 2198 264 2256 57.
286 2197 353 2256 Etsi
366 2217 404 2257 cx
417 2198 502 2258 dictis
515 2217 611 2276 supro,
622 2218 650 2258 n
667 2201 714 2271 12,
730 2196 800 2256 satis
819 2200 932 2256 constat
946 2197 1020 2274 quid
1033 2217 1127 2257 sense

175 2293 238 2354 rint
249 2295 269 2354 J
269 2297 421 2356 ansenistae
435 2299 470 2356 de
484 2298 579 2374 gretia
598 2296 766 2368 sufficiente,
788 2299 823 2355 ut
842 2302 941 2355 tamen
953 2316 1000 2355 res
1012 2297 1128 2373 plenius

176 2397 207 2452 et
220 2393 326 2452 clarius
339 2397 510 2472 explicetur,
531 2416 625 2474 pauco
646 2396 695 2454 hic
718 2397 866 2455 addemus.
909 2395 952 2454 1⁰.
973 2395 1128 2472 Negabant

175 2495 275 2566 ullam,
298 2497 328 2554 in
353 2501 432 2555 statu
444 2497 541 2575 lapso,
567 2495 631 2554 dori
653 2496 785 2570 gratiam,
811 2514 877 2573 quae
897 2515 965 2554 vere
989 2496 1128 2556 simulet

176 2613 253 2654 merc
266 2596 410 2654 sufficiens
423 2601 516 2655 esset:
540 2601 570 2654 et
583 2596 647 2654 idco
657 2595 796 2654 dixerunt
810 2595 934 2670 gratiam
949 2596 1048 2654 datam
1062 2614 1127 2672 quae

176 2713 234 2752 non
243 2696 378 2772 producit
390 2697 535 2768 effectum,
560 2695 626 2754 idco
649 2715 707 2753 non
730 2696 896 2771 producere,
918 2695 1126 2754 nonexresis-

176 2793 270 2853 tentio
282 2795 417 2856 humanm
436 2796 597 2855 voluntatis
616 2795 718 2866 libera,
733 2795 784 2853 sed
797 2794 866 2870 quio
878 2813 938 2852 non
951 2799 1050 2872 potest
1061 2814 1125 2871 pro·

176 2893 290 2953 ducere.
331 2895 372 2954 Et
381 2896 445 2954 ideo
455 2895 594 2954 dixerunt
601 2895 689 2954 etiem
700 2894 777 2970 ipsos
783 2894 888 2971 justos,
901 2893 991 2952 etiam
997 2894 1126 2952 volentes

177 2995 208 3052 et
232 2998 368 3052 conantes
396 3014 510 3054 servare
536 3000 684 3071 praecepta
708 2993 774 3064 Dei,
803 2993 828 3052 si
851 3013 886 3052 ca
904 2992 1028 3066 violent,
1061 2993 1125 3050 idco

176 3091 284 3150 violare
292 3091 426 3168 quianon
436 3093 544 3151 habent
554 3092 677 3169 gratim
687 3092 876 3151 sufficientem
885 3093 923 3154 ad
931 3111 965 3152 ca
976 3092 1123 3152 servando.

175 3190 250 3250 Haec
263 3195 306 3250 cst
318 3191 413 3266 prima
425 3191 580 3267 propositio
590 3193 610 3251 J
610 3193 721 3251 onsenii
734 3193 870 3251 damnato
882 3195 917 3250 ut
929 3191 1068 3250 haeretica
1077 3211 1126 3248 :-

179 3294 199 3322 “
209 3289 321 3367 Aliqua
333 3289 390 3348 Dei
402 3293 546 3367 proeceptc
562 3290 729 3350 hominibus
738 3291 836 3368 justis,
857 3291 1024 3349 volentibus
1037 3295 1068 3349 et
1081 3310 1124 3348 co·

177 3389 324 3460 nantibus,
354 3375 511 3450 secundum
538 3395 695 3466 proesentes
726 3409 801 3467 quos
820 3390 930 3448 habent
948 3390 1036 3460 vires,
1059 3392 1126 3446 sunt

175 3487 384 3627 {imppssibilioz
416 3489 496 3548 deest
524 3508 641 3566 quoque
669 3489 730 3548 illis
753 3489 856 3566 grstia,
891 3508 952 3565 quo
977 3487 1126 3564 possibilia

198 3587 234 3627 an
251 3613 258 3626 .
271 3570 279 3596 5

217 3671 265 3726 58.
286 3665 359 3726 Dixi
381 3666 443 3726 “in
457 3669 537 3727 statu
557 3667 638 3744 lapso
648 3667 678 3727 :”
699 3669 732 3726 in
750 3667 867 3726 homine
891 3665 969 3725 enim
984 3665 1129 3742 etongclc
