2438 4304
147 437 148 440 ’
174 439 239 502 320
537 423 593 489 Da
609 423 741 490 Gratia.
962 419 1063 504 [mss.
1079 435 1132 486 rx,
1211 405 1212 494 ζ

171 585 360 646 nullomodo
386 587 498 648 officere
523 591 682 665 sanctitati,
707 607 773 649 cum
797 605 855 648 non
878 584 993 664 possint
1015 588 1132 648 officere
1211 567 1212 646 l

171 684 319 745 sanctitati
344 691 396 747 aut
417 689 543 766 justitie
569 688 688 751 Christi.
737 689 813 749 Inde
839 705 956 747 msam
983 687 1133 766 originem

170 783 260 844 habet
272 785 324 846 illa
338 791 485 863 securitas,
497 790 549 849 illa
558 790 739 869 jucnnditas,
751 809 811 866 que
823 788 901 848 inter
909 786 1131 860 fornicationes,
1211 837 1212 856 ,

171 885 323 962 adulteria,
350 888 516 964 homicidia,
539 890 656 969 aliaque
682 888 826 968 ejusmodi
845 892 965 964 peccata
989 887 1133 948 loetantnr

170 983 368 1048 Protestentes
392 987 532 1070 [plures],
554 989 711 1050 dummodo
733 987 814 1048 firmi
833 979 868 1047 in
889 987 947 1047 tide
966 987 1133 1064 persistant

165 1084 179 1163 j
183 1091 256 1148 uxta
265 1085 435 1162 Lutherum‚
444 1090 493 1150 vel
502 1091 653 1152 dommodo
666 1090 726 1151 sint
735 1088 822 1151 electi
827 1088 919 1168 juxta
932 1089 1129 1149 Calvinum.”

171 1183 323 1264 Pannona,
338 1208 368 1250 n.
384 1195 450 1252 666.

491 1429 631 1491 Doctrina
649 1429 797 1491 Oebalios.

208 1590 257 1650 48.
279 1588 421 1650 Doctrina
433 1588 507 1664 haeo,
522 1590 616 1650 forma
632 1593 696 1650 tum
711 1587 883 1648 affirmative
896 1589 963 1646 turn
975 1587 1127 1664 negativa,

169 1707 186 1746 u
210 1689 340 1749 Concilio
362 1689 542 1763 Tridentino,
565 1690 598 1749 in
621 1691 735 1749 decreto
756 1672 787 1748 et
809 1689 977 1762 canonibus,
1005 1689 1083 1748 Sese.
1109 1694 1127 1746 5

168 1795 199 1848 et
213 1793 240 1862 6,
257 1789 416 1850 clarissime
430 1790 592 1850 declaratur
605 1794 636 1850 et
648 1789 797 1850 definitur.
837 1788 941 1865 Capita
953 1787 1051 1865 hujus
1061 1788 1130 1847 doc·

168 1887 253 1948 trinea
267 1889 314 1949 hic
328 1892 457 1967 pressius
469 1890 689 1950 recensebimus.
717 1891 742 1950 Ι.
764 1889 846 1955 Quod
862 1887 971 1948 attinet
983 1889 1021 1946 ed
1034 1887 1131 1964 ipsam

163 1987 382 2066 justificationis
401 1993 537 2050 naturam
551 1994 580 2050 et
594 1989 663 2062 vim,
687 1988 729 2062 10,
745 1989 783 2047 In
793 1987 1004 2066 justificatione
1023 2006 1128 2063 pecca·
1211 1993 1212 2066 j

167 2089 238 2149 toris
251 2095 368 2166 peccota
382 2111 448 2152 vere
461 2091 652 2152 remittuntur
664 2098 695 2150 et
707 2090 938 2166 extinguuntur;
957 2087 1001 2147 ito
1013 2093 1050 2147 nt
1060 2089 1126 2166 jas·

166 2187 296 2249 tilloatus
309 2209 368 2250 non
382 2209 459 2251 mere
474 2195 625 2268 reputetur
638 2189 777 2249 immunis
790 2209 808 2248 e
819 2193 947 2265 peceato,
963 2187 1015 2246 sed
1028 2207 1127 2247 coram

168 2289 230 2349 Deo
256 2290 395 2351 immunis
419 2297 472 2352 est.
523 2291 567 2351 2⁰.
589 2291 725 2350 Peccator
748 2288 929 2366 justificatur
945 2286 1070 2364 justitia
1096 2291 1127 2346 et

166 2388 260 2466 gretia
273 2390 301 2450 ei
315 2411 332 2450 e
345 2392 407 2451 Deo
420 2391 525 2463 infusa,
540 2390 625 2466 eique
648 2389 810 2450 inhaerente
822 2391 852 2448 et
864 2385 998 2465 propria;
1019 2391 1052 2448 et
1065 2407 1124 2446 non

167 2511 237 2568 ergo
247 2491 365 2570 justitia
380 2490 490 2553 Ohristi
504 2491 530 2551 ei
544 2491 696 2567 imputato.

207 2597 256 2653 49.
278 2593 324 2654 Il.
346 2592 432 2659 Quod
440 2590 783 2652 attinetodconditiones
792 2586 996 2668 justificationi
1005 2590 1124 2650 antoce-
1211 2603 1212 2618 ¹

167 2691 277 2766 dentes,
305 2691 346 2764 1⁰,
369 2691 418 2751 Ad
436 2690 676 2770 justificationem
699 2689 870 2762 habendam,
891 2693 996 2766 preter
1022 2689 1122 2762 fidem,

168 2790 233 2851 elias
247 2796 316 2851 sunt
329 2791 495 2852 necessariae
515 2789 725 2868 dispositiones,
739 2795 774 2850 ut
787 2790 868 2850 dolor
886 2789 923 2849 de
935 2793 1056 2866 peccato
1070 2791 1122 2850 ad·

167 2893 264 2966 misso,
280 2894 330 2951 duo.
365 2893 409 2952 2⁰.
430 2893 518 2952 Fides
531 2911 596 2970 quoe
610 2898 654 2952 est
667 2891 818 2970 dispositio
833 2892 869 2952 ad
879 2891 1123 2969 justificationem

168 2991 213 3070 (et
239 2991 316 3050 inter
342 2991 543 3068 dispositiones
567 2993 669 3053 ordine
698 2994 800 3071 prima,
825 2995 927 3070 utpote
954 2993 1123 3052 “humanu

167 3089 271 3150 salutis
303 3089 430 3163 initium,
458 3093 681 3152 fundamentum
715 3098 746 3154 et
771 3093 857 3152 radix
889 3090 983 3152 omnis
1008 3092 1122 3170 justifi-

166 3189 322 3250 cationis:’'
337 3190 421 3251 Oouc.
435 3191 515 3250 Trid.
530 3193 605 3252 Sese.
617 3197 645 3266 6,
662 3211 724 3270 cap.
734 3194 766 3269 8)
780 3197 825 3253 ost
836 3191 932 3253 artus
943 3191 1120 3268 theologica,

165 3309 224 3369 que
237 3291 395 3352 creduntur
408 3289 504 3351 omnia
517 3311 535 3351 a
547 3291 609 3352 Deo
621 3293 769 3367 revelate3
783 3311 851 3366 non,
866 3311 943 3368 ergo,
956 3290 1056 3352 inanis
1069 3291 1124 3352 illa

164 3389 194 3450 N
195 3395 345 3450 oratorum
358 3390 479 3451 fiducie:
491 3410 521 3450 n.
537 3397 585 3454 42.

203 3489 271 3550 ⁴⁵50.
292 3491 365 3552 Hac
392 3492 428 3552 de
451 3493 506 3552 hoc
531 3493 627 3571 capite
654 3493 802 3566 doctrine,
825 3495 970 3571 quatenus
996 3490 1122 3570 depellit

163 3607 272 3647 errores
302 3591 513 3653 haereticorum.
568 3596 666 3652 Pauca
691 3599 789 3654 autem
823 3593 954 3652 addenda
985 3599 1056 3652 sunt
1084 3594 1122 3654 ed

161 3686 323 3748 uberiorem
344 3691 481 3752 doctrine
505 3694 724 3770 expositionem.
766 3696 848 3771 Opus
869 3712 929 3753 non
952 3697 997 3754 est
1018 3699 1121 3757 notare
