2430 4304
85 443 86 446 ¹
166 415 228 500 236
321 433 325 442 ’
542 415 594 484 Dc
610 413 741 486 Grada.
935 419 1030 509 [msa.
1045 439 1109 490 vnr.

165 583 201 645 sd
215 581 367 660 agendum,
383 581 524 644 distincta
545 589 590 646 est
608 586 644 645 ab
664 585 777 647 actione
800 585 921 660 socnfis,
943 608 1003 667 qna
1014 589 1108 651 scindit

163 685 288 763 lignum·
329 685 446 747 Tertius
464 686 577 762 modus,
602 693 708 765 praeter
729 690 991 764 conservationem,
1015 690 1110 753 tribuit

164 789 211 850 illi
232 789 320 850 etiam
342 789 485 849 actionem
508 791 665 867 quandum,
695 811 756 850 non
776 795 876 852 tamen
896 793 1063 853 distinctam
1081 793 1110 852 ab

165 888 278 949 actions
300 907 392 948 causas
415 890 557 963 secunda,
579 893 630 950 scd
652 892 738 968 plano
762 892 904 966 eandem;
925 893 969 952 ita
987 897 1023 953 nt
1040 894 1113 952 Dens

167 989 281 1050 dicutur
304 1009 472 1050 concurrere
492 1010 560 1049 cum
585 1011 672 1051 causa
695 993 830 1064 secunda,
854 1013 915 1052 non
936 995 1007 1071 qnia
1025 998 1115 1054 moret

165 1093 248 1154 illam
258 1093 294 1153 ad
308 1093 460 1168 agendum,
480 1094 531 1152 sed
552 1093 623 1170 qnia
645 1093 734 1152 simul
755 1113 823 1153 cum
846 1108 934 1154 cansa
947 1085 1073 1156 mcunda
1084 1095 1116 1153 ad

166 1194 290 1255 eundem
304 1193 440 1252 effectum
454 1195 632 1253 concurrit.'’
653 1193 716 1252 Vid
728 1193 815 1266 infra,
827 1213 858 1253 n.
878 1196 985 1254 14-20.

207 1299 235 1354 6.
258 1295 421 1354 Concursus
441 1293 575 1370 primus}
596 1313 684 1370 quem
708 1295 873 1352 Duarrrnns
891 1295 971 1352 solus
992 1297 1044 1354 aut
1062 1295 1118 1354 fera

168 1393 246 1454 solus
272 1396 444 1471 propugnat,
467 1397 512 1452 cst
535 1413 691 1452 concursus
710 1395 854 1452 assaliatur.
895 1395 982 1454 Hanc
1008 1399 1119 1454 senten-

168 1494 240 1554 tiam
264 1495 353 1553 ceteri
374 1511 473 1552 omnes
496 1492 643 1570 rejiciunt,
668 1493 719 1551 alii
743 1497 883 1569 tanquam
906 1483 1121 1565 erroneamut

169 1593 293 1664 Susum,
317 1593 448 1670 Metaph.
471 1593 499 1651 d.
517 1597 565 1664 22,
590 1612 613 1652 s.
632 1597 658 1664 l,
681 1611 710 1651 n.
725 1597 763 1662 6;
785 1592 837 1650 alii
859 1595 1001 1669 tanquam
1022 1594 1121 1652 falsam

168 1693 304 1756 etminus
317 1695 423 1764 tutam,
439 1695 475 1751 nt
487 1693 620 1764 Monms,
642 1692 809 1764 Concordia,
825 1712 854 1768 q.
872 1697 918 1763 14,
930 1711 956 1752 a.
974 1697 1021 1764 13,
1037 1694 1064 1763 d,
1077 1698 1122 1752 25.

169 1793 330 1854 Concursus
343 1792 474 1851 secunda
488 1791 594 1868 speciei
617 1791 643 1850 is
665 1795 710 1851 est
732 1811 819 1868 quem
840 1795 941 1851 tenent
953 1792 1121 1864 Thomistae,

169 1912 237 1953 oum
260 1891 434 1950 affirmantes
447 1891 519 1968 [esso
547 1890 763 1956 immediatum:
794 1891 872 1968 qnod
895 1895 997 1950 tamen
1017 1897 1124 1967 nogant

172 1990 331 2052 Molinistaa
353 1993 383 2050 et
403 1989 595 2068 Congruistae,
620 1989 673 2068 qui
690 1991 809 2052 tertiam
830 1991 956 2068 speciem
969 2011 1125 2052 concursus

172 2093 367 2170 propugnant.

213 2189 240 2250 7.
262 2189 374 2249 Doccnt
387 2188 544 2249 Thomistae
558 2189 594 2249 ad
608 2209 722 2250 omnam
736 2191 833 2249 actum
847 2209 897 2249 seu
911 2190 1049 2250 effectum
1062 2209 1125 2250 om·

172 2290 218 2351 nis
241 2294 388 2362 creaturae,
413 2308 472 2348 non
494 2289 588 2348 solum
613 2289 774 2350 necessario
792 2289 904 2366 agentis
926 2291 977 2368 (dc
1000 2309 1066 2366 quo,
1091 2303 1128 2349 ut

173 2389 245 2463 dixi,
260 2389 343 2449 nulla
355 2391 399 2449 est
411 2389 459 2448 hic
474 2389 609 2468 quaestio)
631 2391 682 2449 sed
703 2391 790 2449 etiam
802 2391 892 2449 libere
906 2389 1027 2465 agentis,
1043 2391 1128 2449 abso·
1200 2421 1201 2494 p

172 2488 1128 2566 lutcnecessariamessepraemotionemseupraedetcrminationem

172 2591 322 2670 physicam
336 2608 353 2648 a
365 2589 427 2647 Deo
441 2588 539 2664 agenti
551 2588 735 2664 impressam
757 2588 800 2647 ita
820 2592 857 2648 nt
876 2607 936 2646 non
957 2588 1051 2646 solum
1064 2590 1129 2648 sino

173 2709 207 2749 ca
221 2709 304 2766 agero
317 2707 376 2750 non
386 2689 477 2765 possit
498 2693 637 2760 creatura,
661 2688 711 2746 sed
735 2706 801 2746 cum
822 2706 856 2746 ea
877 2687 909 2745 id
927 2686 1130 2747 infallibiliter

173 2789 279 2848 efficiat
292 2789 328 2847 ad
341 2789 417 2864 quod
432 2788 614 2847 efficiendum
634 2787 675 2846 sic
696 2787 915 2858 determinatur,
938 2788 969 2846 ot
981 2793 1130 2864 repugnat

173 2891 208 2945 ut
221 2887 252 2945 id
261 2905 319 2944 non
334 2886 447 2959 efficiat,
464 2887 519 2945 etsi
531 2891 630 2948 tamen
643 2886 735 2946 libore
749 2885 846 2946 officit.

215 2991 240 3044 8.
264 2989 283 3019 “
293 2985 462 3043 Notandum
475 2986 586 3061 primo:
610 2986 766 3063 anliccm
780 2984 924 3060 distingui
938 3004 955 3043 a
968 2984 1132 3045 Thomistis

173 3083 526 3164 praedctcrminationcm;
548 3105 637 3144 unam
661 3090 810 3158 aternam,
833 3089 864 3144 et
882 3085 913 3142 in
934 3085 997 3143 Deo
1010 3103 1133 3144 mancu-

174 3189 234 3246 tcm
247 3206 254 3260 ;
276 3185 397 3245 alteram
408 3186 598 3262 temporalem
611 3191 641 3245 et
654 3187 685 3244 in
694 3189 826 3262 creatura
837 3186 993 3260 receptam.
1029 3184 1131 3244 Prima

173 3285 281 3346 dicitur
293 3286 441 3346 decretum
454 3285 720 3360 praedeterminans,
737 3303 788 3344 scu
802 3283 900 3342 divina
912 3283 1129 3360 praedefinitio;

174 3387 301 3446 secunda
314 3385 476 3463 appellatur
488 3383 637 3460 praemotio
651 3385 699 3443 vel
712 3383 973 3462 praedeterminatio
992 3383 1127 3461 physion,

174 3486 222 3545 vel
235 3485 328 3562 gratia
348 3486 449 3545 efficax
463 3487 493 3544 et
506 3483 772 3561 praedeterminans,
793 3482 909 3560 qnando
922 3485 1020 3542 movet
1030 3492 1062 3542 et
1076 3503 1128 3562 ap-

175 3585 266 3660 plicat
279 3587 460 3645 voluntatem
474 3585 511 3644 ad
521 3595 602 3644 actus
615 3583 857 3661 supernaturales.

216 3689 244 3755 9.
267 3685 463 3747 “Notandum
477 3685 619 3749 secuudor
643 3684 681 3745 In
694 3683 740 3748 his
753 3682 927 3758 nominihus,
951 3681 1129 3758 ‘Decretum
