2408 4304
185 415 248 492 462
468 389 474 397 Ι
540 413 595 477 De
612 411 747 478 Gratia.
975 415 1126 499 [DISP.111.

1175 140 1182 365 l

184 583 215 637 ct
232 578 408 654 subsequens
429 577 654 650 considerentur,
674 598 733 636 non
754 580 918 638 damnatur
940 579 1013 658 qnia
1031 590 1130 654 negaret

112 687 114 690 '
184 678 336 754 premium
361 680 440 738 ultra
470 679 643 754 condignum
673 687 811 755 respectu
842 701 981 757 operum,
1018 687 1133 758 pronti

183 778 277 852 gratia
309 778 476 854 procedunt,
512 778 562 836 sed
590 778 660 854 quia
693 779 811 838 dicebat
844 781 898 840 ille
929 787 1035 840 auctor
1066 799 1135 858 open
1185 720 1189 858 l,

183 896 241 934 nou
267 877 443 936 remunerari
469 878 628 936 secundum
648 878 787 950 valorem,
817 899 908 956 quem
938 882 1086 939 habebant
1106 899 1135 938 ex
1187 858 1191 978 l

184 975 297 1052 Spiritu
311 976 473 1053 adoptionis
486 983 516 1034 et
534 977 644 1052 gratiae,
660 978 738 1034 utin
753 981 939 1054 praecedenti
954 981 1137 1057 propositione

185 1077 307 1148 dixerat,
329 1084 360 1136 et
380 1077 488 1154 repetit
502 1077 534 1134 in
553 1076 703 1152 sequenti:
727 1081 759 1135 et
781 1077 816 1135 in
837 1079 892 1137 hoc
915 1099 1008 1138 sensu
1028 1079 1097 1138 dicit
1113 1080 1137 1136 in
1188 1003 1192 1142 i

184 1178 237 1236 illa
255 1182 288 1236 14
308 1177 435 1254 quadiu
457 1178 504 1234 die
523 1177 632 1254 judicii
653 1197 711 1234 nou
729 1178 879 1254 recipient
899 1182 1075 1249 mercedem,
1092 1181 1138 1238 nisi
1190 1175 1191 1190 ¹

182 1277 272 1350 juxta
293 1275 439 1346 meritum,
460 1277 536 1352 quod
557 1295 595 1332 ex
609 1295 638 1334 se
652 1281 682 1333 et
695 1295 734 1334 ex
751 1277 889 1336 bonitate
908 1299 963 1337 sua
982 1279 1085 1336 morali
1096 1278 1138 1334 hs-

187 1378 270 1434 bent:
292 1377 370 1452 quod
384 1375 486 1433 merito
500 1375 655 1432 damnatur
668 1375 740 1451 quia
756 1376 889 1435 nimium
904 1379 940 1436 ad
954 1377 1137 1452 Pelagianuu

186 1473 290 1549 dogma
303 1473 443 1532 accedit.''

229 1579 295 1634 193.
317 1571 360 1632 2⁰.
381 1575 474 1632 Tenet
497 1572 573 1630 idem
602 1571 716 1630 Susam
738 1575 774 1630 nt
801 1574 1009 1658 verisimilius,
1034 1574 1137 1632 nnllnn

184 1673 246 1730 dori
259 1672 365 1730 sanctis
378 1671 409 1730 in
423 1672 501 1730 coelo
523 1671 623 1746 glorie
645 1673 768 1744 gradum
783 1691 875 1749 quem
895 1694 956 1732 non
976 1681 1139 1732 meruerunt

185 1773 216 1829 in
236 1773 299 1830 haee
319 1772 390 1830 vita.
430 1771 516 1828 Hanc
543 1771 719 1828 sententiam
740 1771 833 1830 variis
858 1774 1055 1848 argumentis,
1082 1790 1137 1848 qua

182 1871 255 1928 mihi
269 1870 369 1946 gravia
382 1889 444 1928 esse
460 1869 605 1940 videntur,
628 1869 741 1942 fi1mat;
763 1875 795 1930 et
816 1879 994 1948 argumenta
1015 1891 1069 1950 pro
1083 1890 1138 1928 sen-

182 1971 275 2029 tentia
288 1971 418 2048 opposita
430 1971 508 2029 bene
516 1970 615 2029 solvit.

227 2073 293 2129 194.
316 2075 343 2128 3.
366 2071 426 2128 Sex
440 2071 490 2127 dut
501 2089 612 2139 sensus,
629 2071 658 2126 in
674 2069 780 2145 quibus
794 2069 907 2128 dicium
920 2071 1001 2132 illud
1015 2071 1136 2145 intelligi

182 2173 285 2242 potest,
310 2169 361 2246 qni
388 2188 488 2227 omnes
514 2165 565 2226 isti
592 2186 652 2227 suae
675 2169 827 2227 sententia
850 2173 1042 2230 consentanei
1066 2181 1134 2229 sunt.

181 2266 326 2330 Quosdam
353 2267 505 2326 dabimus:
545 2267 584 2325 10.
605 2267 673 2324 Non
703 2273 747 2324 est
773 2270 923 2344 proportio
958 2273 1091 2347 perfecta
1109 2279 1134 2327 ct

182 2366 360 2442 equalitatis
380 2367 458 2426 inter
481 2385 567 2444 opera
588 2374 684 2423 nostra
709 2371 738 2424 et
765 2375 896 2426 eternam
923 2369 1133 2428 beatitudinem

181 2468 271 2526 coeli:
295 2487 391 2544 snpra,
406 2487 435 2526 n.
453 2469 559 2528 77-82.
601 2461 645 2524 2⁰.
667 2467 731 2524 Etsi
751 2486 838 2542 opera
852 2475 951 2528 nostra
970 2473 1032 2530 sint
1052 2490 1090 2528 ex
1108 2489 1134 2526 se
1190 2541 1191 2554 χ

181 2569 331 2642 condigna,
354 2569 435 2626 Deus
448 2586 505 2624 non
519 2568 674 2626 tenebatur
693 2585 727 2624 ea
748 2585 951 2628 remunerare:
975 2571 1056 2628 ultra
1069 2588 1133 2628 con-

181 2668 301 2743 dignum
316 2687 384 2743 ergo
404 2672 578 2737 remunerat,
597 2687 626 2724 se
640 2667 675 2724 od
690 2668 744 2724 hoc
755 2667 891 2742 ligando:
912 2689 1010 2746 supra,
1025 2691 1056 2730 n.
1070 2674 1131 2737 109,

183 2771 247 2826 110.
291 2767 332 2827 3⁰.
352 2769 463 2826 Praeter
489 2767 641 2844 praemium
665 2766 826 2838 essentiale,
853 2769 904 2828 dat
922 2771 1047 2846 praemia
1063 2769 1132 2828 acci·

180 2869 306 2927 dentalia
320 2869 436 2926 omnino
449 2867 556 2942 gratis:
581 2885 678 2943 supra,
694 2886 723 2927 n.
739 2873 764 2926 9.

225 2969 290 3022 195.
315 2964 462 3034 Quaeritur
486 2963 529 3022 8⁰.
551 2965 597 3022 An
612 2963 831 3022 circumstantia
844 2963 922 3021 mala
935 2964 966 3022 in
981 2984 1068 3042 opere
1077 2985 1131 3024 me·

180 3065 269 3145 ritum
290 3070 342 3123 aut
360 3062 444 3120 tollat
468 3067 519 3120 aut
537 3059 673 3120 minuati
712 3045 772 3120 llic
793 3064 1001 3122 accommodari
1015 3073 1133 3142 possunt
1191 3043 1192 3092 ³

181 3157 324 3240 principia
337 3161 445 3220 tradita
463 3157 495 3218 *in
510 3167 594 3219 tract.
611 3161 647 3219 de
661 3161 786 3220 Actibus
800 3161 946 3219 Humanis
960 3163 995 3222 de
1009 3163 1131 3224 eircum-

182 3262 297 3322 stantiis
311 3270 341 3320 et
354 3261 413 3318 fine
426 3278 564 3338 operum:
587 3278 652 3338 quae
666 3259 820 3320 rideantur
833 3261 910 3336 apud
924 3261 1025 3336 Guar,
1038 3282 1069 3322 n.
1086 3264 1130 3330 27,

184 3366 232 3436 30,
244 3367 274 3422 et
287 3361 358 3420 alios
371 3365 502 3421 auctores
516 3360 634 3438 passim.

1113 3894 1120 3904 ’
