2408 4304
180 435 243 497 42²
534 415 590 482 De
607 413 739 482 Gratia.
962 417 1061 505 [urar.
1072 440 1128 486 xm

180 584 275 662 exigit
293 583 412 662 justitia
428 583 654 644 commulativa:
677 583 770 661 Nego.
813 584 859 645 2⁰.
883 585 961 646 uia
973 586 1130 646 minum:

182 687 249 747 Non
263 691 307 745 est
319 687 464 763 proportio
476 685 603 763 perfecta
620 689 651 744 at
663 685 864 763 equalitatis:
890 688 1042 748 concedo:
1070 689 1131 748 Nm

180 793 225 846 est
238 787 383 864 proportio
403 787 537 864 quaedam
554 805 623 844 vera
640 785 696 844 etsi
713 785 815 845 minus
834 788 989 864 perlecta:
1017 789 1132 848 Subdiu·

178 887 299 963 tingno:
324 887 418 963 Opere
431 887 463 945 in
476 905 507 944 sa
520 891 550 944 et
563 885 683 962 physice
695 891 847 962 spectato:
870 888 1025 948 Concedo:
1050 890 1132 965 Sper·

178 989 249 1050 tatis
257 987 482 1048 circumstantiis
492 1006 559 1065 quea
569 987 663 1063 operis
671 987 849 1063 dignitatern
858 989 1133 1062 efficiuntmaxirue

178 1088 365 1167 promissione
391 1088 466 1149 Dei:
489 1089 591 1164 Nego:
616 1088 678 1146 rid.
698 1088 777 1147 infra
798 1108 830 1148 n.
852 1093 906 1148 111
931 1095 963 1150 et
984 1111 1084 1169 supra,
1105 1111 1132 1150 n

179 1194 266 1249 34-6.

219 1293 267 1353 79.
290 1292 374 1360 Quod
386 1291 538 1350 attinetad
550 1289 717 1368 exemplum
729 1292 819 1368 potus
832 1311 919 1369 aqna
932 1293 1072 1368 frigidm
1095 1295 1131 1364 1²,

177 1394 276 1470 ipsum
289 1396 334 1451 est
346 1391 513 1468 exemplum
526 1390 621 1468 operis
633 1390 774 1450 meritorii
786 1411 805 1450 a
818 1392 937 1451 Christo
946 1393 1133 1471 propositum,

178 1494 285 1554 Matth.
303 1511 335 1553 x.
349 1494 398 1552 42.
440 1491 482 1550 2⁰.
504 1491 684 1568 Exemplum
705 1495 751 1550 est
771 1492 961 1569 aptissimum
983 1495 1023 1552 ad
1046 1501 1134 1554 cutm·

178 1595 301 1654 dendam
322 1611 457 1670 magnam
477 1592 538 1650 vim
562 1592 672 1668 gratiae,
693 1611 760 1669 qnae
784 1612 860 1670 opus
879 1594 912 1652 in
936 1613 968 1654 se
987 1596 1063 1654 udco
1074 1596 1134 1654 lere

177 1693 295 1756 tantum
313 1695 409 1754 elevat
429 1697 460 1752 et
473 1697 603 1753 exornat.
644 1693 768 1752 Infinite
788 1693 868 1752 enim
888 1699 1080 1771 pratenticr
1095 1706 1134 1756 est

178 1795 302 1853 mutatio
316 1795 366 1872 (ut
378 1793 421 1852 ita
433 1793 540 1870 dicam)
554 1791 649 1869 operis
660 1792 805 1852 naturalis
817 1794 908 1852 etiam
923 1796 957 1853 in
970 1815 1025 1854 suo
1039 1797 1134 1854 ordine

179 1894 377 1971 pretiosissimi
390 1893 422 1952 in
435 1913 508 1970 opns
523 1893 743 1968 supernaturale
755 1892 846 1951 etiam
858 1894 1029 1968 minimum,
1050 1916 1133 1973 quam

179 2001 255 2054 esset
268 1993 472 2054 transmutatio
485 1993 609 2068 glebulae
618 1992 676 2051 luti
688 1995 720 2050 in
733 2011 839 2052 aurum
852 2000 908 2053 ant
919 2016 1067 2071 gemmam
1081 2018 1090 2056 :
1107 1998 1132 2056 d.
1191 2013 1192 2054 3

181 2101 208 2168 3,
224 2115 254 2156 n.
269 2099 317 2165 48,
334 2097 430 2154 &oet
444 2097 492 2153 61.
941 2117 944 2122 ·

220 2199 268 2255 80.
290 2194 389 2254 Gloria
408 2194 481 2253 coeli
499 2197 608 2254 eterna
620 2193 736 2252 excedit
748 2194 870 2270 quidem
883 2215 975 2273 opera
988 2197 1131 2258 meritoria

179 2314 302 2354 excessu
321 2293 507 2372 perfectionis
526 2294 648 2353 actualis
666 2313 727 2352 non
747 2299 847 2354 autem
867 2315 992 2356 exccmn
1004 2299 1130 2358 virtutis

182 2399 316 2458 “Gratia
341 2398 419 2457 enim
446 2415 573 2469 praesens
599 2399 644 2454 est
669 2395 707 2454 ad
732 2395 826 2454 instar
851 2397 985 2456 seminis.
1033 2400 1131 2460 Serum

179 2504 287 2570 autern,
303 2499 375 2558 licet
390 2517 450 2556 uon
463 2497 503 2556 sit
516 2496 628 2572 aequale
642 2495 736 2554 arbori
749 2499 895 2572 quantum
911 2497 950 2556 ad
962 2498 1079 2569 molem,
1093 2508 1131 2558 ar

179 2603 278 2660 tamen
298 2599 411 2676 aequalc
428 2597 462 2656 in
474 2596 604 2655 virtute:
626 2601 671 2656 est
686 2596 811 2654 enimin
824 2616 859 2656 eo
871 2597 973 2657 virtus
984 2599 1023 2658 ad
1042 2605 1131 2660 totum

179 2703 309 2762 arborem
330 2695 550 2780 [efferendum]
592 2699 647 2756 Ita'
660 2697 805 2768 similiter,
828 2698 900 2758 licet
920 2700 1020 2774 gratia
1037 2701 1130 2778 gloria

180 2803 219 2862 sit
242 2799 398 2879 perfectior
420 2802 489 2858 aotu
508 2817 597 2876 quam
620 2798 766 2874 gratiaci
789 2816 878 2874 opera
897 2799 966 2868 viae,
993 2805 1040 2860 est
1058 2803 1129 2860 eninr

181 2901 277 2977 gratia
296 2902 510 2970 consummata;
531 2899 593 2957 haec
605 2901 704 2956 tamen
723 2897 787 2974 ejus
806 2896 949 2973 perfectio
969 2899 1131 2959 continetur

182 3002 215 3060 in
228 3001 341 3059 virtuts
353 2998 455 3076 gratim
468 2997 533 3069 viae,
553 2997 629 3056 sicut
645 2995 785 3073 perfectio
799 2995 911 3055 arboris
924 2999 1092 3058 continetur
1102 3000 1130 3058 in

179 3100 292 3160 virtute
306 3098 432 3168 seminis,
453 3103 597 3174 quatenus
616 3115 669 3174 per
685 3095 809 3172 gratiam
828 3095 887 3156 viar
897 3097 995 3156 virtus
1008 3099 1130 3176 Spiritus

180 3199 280 3261 Sancti
297 3199 349 3277 qui
365 3197 479 3257 habitat
490 3197 522 3255 in
539 3196 631 3268 nobis,
656 3201 700 3255 est
719 3195 863 3254 sufficiens
883 3215 974 3256 causa
985 3193 1085 3272 glorie?
1097 3199 1130 3258 ud

181 3325 270 3384 quam
289 3304 428 3363 continuo
447 3301 551 3374 tendit,
576 3301 651 3360 sicut
669 3300 765 3359 virtus
785 3301 954 3390 generantis
973 3304 1009 3362 in
1028 3305 1129 3363 semiue
1191 3327 1192 3346 ¹

182 3405 278 3467 tendit
291 3405 328 3464 arl
341 3405 471 3464 arborem
488 3405 523 3462 ut
536 3402 573 3460 ad
585 3401 742 3461 terminum
762 3400 819 3460 sibi
837 3403 1129 3464 commensuratum.”

183 3510 343 3578 Brutum,
359 3507 387 3566 d.
403 3509 431 3577 8,
447 3525 473 3565 a.
489 3508 517 3564 3.

221 3610 271 3666 81.
300 3606 430 3683 Urqacr.
452 3603 566 3661 Diserte
579 3601 703 3662 affirmat
716 3601 744 3660 S.
760 3599 872 3660 Paulus
885 3621 975 3679 opera
986 3605 1064 3664 bona
1074 3624 1127 3663 non

182 3724 244 3765 ease
262 3706 350 3785 digna
371 3704 490 3787 praemio
503 3703 572 3767 vita
593 3705 709 3765 eterno
721 3703 871 3769 :-“Norr
889 3707 964 3769 sunt
982 3705 1125 3790 condigna
