2410 4314
61 426 159 472 mse.
177 404 230 493 m]
279 405 334 472 De
348 403 498 474 Stotz‘bus
512 403 683 474 Humana
697 406 851 474 Naturae.
984 428 1023 490 43

61 573 265 632 fundamento
279 573 369 632 solido
384 575 518 632 affirmari
533 580 637 652 potest.
679 576 735 636 sed
754 576 891 652 quoniam
905 575 1031 634 mundus

62 675 247 751 plerumque
269 694 326 732 non
350 675 411 750 agit
431 694 482 750 per
504 695 543 748 sa,
570 677 620 734 sed
644 674 775 734 diabolus
798 696 849 752 pcr
870 694 936 734 eum
959 674 1028 750 agit,

63 795 167 851 eoque
183 783 320 852 tanquam
334 775 528 834 instrumento
541 777 636 834 utitur
650 777 685 834 ad
699 796 750 836 nos
764 776 986 852 corrumpendos
995 794 1028 834 ao

63 877 273 952 depravandos
287 879 322 954 (“
333 878 438 936 Omnes
448 876 571 948 insidiae,
582 897 779 954 quascumque
790 877 873 938 nobis
886 876 1030 954 spiritales

64 977 217 1052 nequitiae
247 978 442 1054 praetendunt,
470 977 597 1036 maxime
622 998 673 1053 per
699 979 831 1037 homines
862 976 1029 1054 aptantur.’'

67 1080 102 1137 S.
117 1080 275 1151 H1nan1us,
287 1081 319 1138 iu
329 1079 424 1137 Psalm
436 1079 554 1138 cxxxix.
567 1100 596 1138 n.
608 1081 651 1157 3),
662 1080 764 1138 merito
775 1079 834 1138 diei
841 1083 936 1156 potest
945 1099 1026 1137 mun·

67 1181 147 1239 dum
160 1184 290 1238 nostrum
309 1181 415 1238 mundo
430 1187 542 1240 naturas
560 1200 640 1257 purae
659 1181 789 1240 absoluta
809 1180 935 1258 pejorem
958 1198 1028 1252 esse,

67 1281 133 1338 imo
147 1281 232 1356 longe
246 1281 381 1358 pejorem,
397 1286 427 1340 et
440 1282 525 1358 plura
538 1285 568 1341 et
581 1281 713 1357 graviora
727 1281 861 1340 scandala
880 1300 989 1358 parere.

114 1384 135 1422 ἢ
143 1386 190 1440 83.
205 1382 269 1440 III.
281 1383 366 1451 Quod
376 1383 413 1442 ad
424 1382 686 1459 concupiscentiam
696 1383 810 1450 attinet,
818 1383 879 1441 haec
889 1381 1033 1459 imprimis

68 1483 204 1542 notanda
224 1488 302 1542 sunt.
350 1483 391 1542 10.
415 1483 539 1549 Quidam
561 1483 689 1559 theologi
710 1487 907 1560 comparantes
927 1502 1031 1542 conou-

68 1583 247 1661 piscentiam
285 1589 390 1642 nostrae
427 1605 494 1643 curn
525 1583 759 1661 concupiscentia
790 1594 902 1644 naturoe
939 1603 1030 1661 purae,

69 1685 199 1762 priorem
218 1690 349 1760 spectant
363 1692 449 1762 prout
462 1685 569 1761 passim
584 1685 754 1744 dominatur·
763 1687 793 1743 in
812 1684 988 1756 hominibus,
1003 1690 1032 1742 et

69 1805 143 1861 ergo
156 1806 214 1845 non
228 1791 343 1845 tantum
357 1791 391 1844 ut
404 1787 486 1844 nobis
500 1786 633 1844 omnibus
646 1787 819 1855 naturalem,
835 1790 865 1844 et
885 1805 952 1844 cum
973 1805 1032 1862 qua

70 1888 221 1946 nascimur
242 1887 496 1965 (antecedentem),
514 1887 565 1946 sed
589 1887 676 1945 etiarn
697 1890 732 1945 ut
746 1886 909 1945 voluntarie
929 1890 960 1944 et
981 1905 1033 1962 per
1073 1966 1076 1972 .

70 1992 192 2064 peccata
205 1987 329 2048 actualia
341 1988 426 2064 longe
439 1988 599 2064 graviorem
608 1992 638 2046 et
652 1987 788 2047 acriorem
803 1988 907 2074 factam
920 1987 1032 2064 (conse-

73 2090 238 2167 quentem).
279 2090 387 2149 Censeo
407 2089 442 2149 ds
463 2089 552 2166 priori
573 2088 805 2166 concupiscentia
825 2089 885 2147 sola
903 2089 950 2146 hio
971 2108 1031 2147 csse
1117 2109 1125 2124 ·

72 2210 158 2268 posse
172 2190 379 2267 quaestionem:
403 2191 495 2250 altera
515 2190 593 2250 enim
613 2209 673 2249 non
693 2189 820 2266 pertinet
840 2191 877 2248 ad
896 2193 1031 2249 naturam

74 2292 137 2350 sive
160 2311 262 2368 puram
285 2292 346 2351 sive
369 2291 489 2368 lapsam,
514 2293 563 2350 sed
586 2296 630 2350 ast
652 2291 773 2350 effectus
797 2291 890 2367 operis
912 2291 1033 2348 humani

73 2390 170 2461 liberi,
196 2409 307 2467 nempe,
334 2390 445 2467 peccati
462 2390 603 2450 actualis.
659 2389 743 2448 Unde
771 2409 836 2447 oum
863 2391 1034 2466 proponitur

72 2490 205 2568 quaestio,
218 2509 254 2547 an
264 2489 496 2565 concupiscentia
509 2489 624 2564 gravior
637 2489 675 2547 sit
690 2491 721 2546 in
730 2495 836 2546 natura
849 2488 930 2564 lapsa
943 2508 1030 2565 quam

73 2591 107 2648 in
121 2610 193 2667 pura
206 2596 288 2662 esset,
305 2611 417 2667 semper
430 2589 556 2666 intelligi
571 2591 656 2648 debet
670 2589 719 2666 (ut
733 2609 750 2646 a
765 2590 911 2648 Suannzro
925 2589 1032 2648 diserte

76 2691 257 2768 proponitur,
284 2693 396 2767 Proleg.
419 2697 446 2762 4,
463 2711 486 2750 c.
509 2697 536 2763 8,
557 2711 587 2750 n.
609 2691 650 2768 5),
676 2697 742 2748 “ex
763 2690 794 2747 vi
815 2689 904 2748 solius
924 2689 1033 2766 peccati

78 2792 254 2866 originalia.’'

117 2895 189 2953 *84.
205 2876 254 2951 ¹20.
270 2893 354 2952 Vires
368 2897 481 2952 naturae
492 2893 581 2970 lapsae
595 2893 747 2950 adbonum
756 2892 863 2950 morule
874 2911 1032 2969 exsequen-

78 2995 149 3051 dum
174 2999 203 3052 et
227 2992 402 3051 tentationes
424 2992 608 3069 superandas,
631 2992 782 3051 debiliores
806 2999 902 3052 essent
922 2992 1033 3052 mribus

78 3095 192 3150 natura
206 3089 295 3168 puras,
320 3098 339 3125 “
349 3092 396 3150 acl
410 3111 446 3150 ex
468 3091 632 3166 ignorantia
651 3090 827 3164 intellectus,
842 3092 890 3151 vel
908 3111 946 3151 ex
966 3111 1032 3151 con-

78 3191 256 3268 cupiscentia
269 3191 388 3262 fomitis,
400 3191 448 3250 vel
462 3212 500 3250 ex
508 3192 633 3268 corporis
643 3192 819 3252 mortalitate
830 3212 881 3252 seu
895 3193 1034 3269 conupti·

79 3291 223 3361 bilitate,’'
248 3313 313 3370 quaa
338 3313 375 3352 ex
399 3297 514 3369 peccato
537 3293 672 3368 originali
693 3295 809 3352 suborta
833 3299 911 3354 sunt.
943 3293 1032 3353 Scin.

81 3393 149 3452 ibid.
170 3413 199 3451 n.
218 3397 264 3452 14.
306 3394 391 3462 Quod
415 3394 522 3453 attinet
546 3395 582 3452 ad
604 3395 877 3470 corruptibilitatem
899 3395 1033 3470 corporis,

80 3494 162 3552 nulla
182 3500 226 3552 est
239 3493 313 3553 ratio
334 3495 450 3553 dicandi
471 3515 533 3554 eam
553 3515 614 3555 esse
628 3496 765 3578 majorem
779 3495 810 3553 in
830 3499 936 3553 natura
955 3496 1035 3572 lapsa

81 3615 168 3672 quam
188 3597 218 3652 iu
239 3615 320 3671 pura.
370 3598 452 3653 ldem'
473 3597 626 3655 dicendum
648 3601 691 3655 cst
712 3598 747 3655 de
767 3595 950 3671 ignorantia:
977 3595 1034 3653 imo

82 3715 180 3756 censeo
194 3715 251 3754 non
265 3697 494 3773 improbabiliter
507 3698 566 3757 dici
586 3717 668 3774 posse
684 3699 828 3755 Adamum
843 3702 908 3774 post
921 3695 1034 3772 lapsum
