2402 4292
63 439 157 484 misr.
174 418 222 504 m]
299 419 355 484 De
368 420 652 507 Driposr'tronibus
666 419 714 486 ad
727 416 874 508 Justzfic.
964 426 1024 504 361

63 583 197 644 tentiam
217 587 333 662 agerent
346 589 377 647 et
392 592 629 650 converterentur
649 588 685 646 ad
706 587 811 658 Deum,
825 587 915 664 digna
933 591 1028 666 poeni-

63 684 174 744 tentia
194 705 280 763 opera
292 685 463 750 facientes.”
505 689 582 749 Ibid.
598 687 682 748 xxvi.
697 692 747 747 20.
792 691 811 720 “
821 687 949 760 Gaudeo,
970 708 1030 748 non

64 785 142 862 quia
154 785 318 846 contristati
333 787 411 862 estis,
427 789 477 848 sed
490 789 560 866 quia
574 785 738 848 contristati
751 785 820 846 estis
833 787 870 847 ad
883 785 1028 866 poeniten·

64 886 144 944 tiam
147 929 276 946 .....
299 887 370 954 Quae
384 887 461 947 enim
472 889 629 953 secundum
638 888 734 948 Deum
747 885 867 948 tristitia
879 891 924 948 est
936 887 1029 966 poeni·

65 984 197 1044 tentiam
210 985 242 1044 in
256 986 378 1046 salutem
392 987 526 1048 stabilem
541 989 707 1067 operatur.”
749 992 766 1046 2
782 987 845 1048 Gor.
860 987 911 1048 vii.
928 993 955 1062 9,
974 991 1020 1049 10.

116 1091 163 1148 39.
185 1086 369 1148 Paenitentia
390 1087 546 1168 (perarata,
572 1087 745 1167 μετανοεω),
770 1087 791 1150 i.
801 1108 827 1150 e.
851 1088 1030 1168 poenitentia

69 1208 141 1267 quae
162 1189 298 1250 laudatur
316 1195 346 1251 et
367 1194 584 1252 commendatur
607 1193 640 1252 in
664 1191 823 1270 Scriptura,
848 1193 1030 1269 poenitentia

68 1310 144 1353 vera
156 1294 186 1352 et
199 1291 301 1352 efficax
315 1292 470 1372 (quiequid
490 1298 572 1355 sonet
585 1293 759 1355 vocabulum
779 1291 969 1371 etymologiae
981 1293 1030 1354 vel

70 1393 155 1472 apud
168 1393 322 1472 scriptores
335 1395 490 1475 ethnicos),
506 1396 666 1456 seeundum
679 1415 767 1454 usum
779 1393 917 1472 loquendi
931 1395 1029 1472 Scrip-

69 1493 200 1553 turalem
221 1493 422 1567 universalem,
456 1495 489 1554 in
516 1495 666 1574 Scriptura
695 1495 781 1572 plane
803 1494 912 1572 ingerit
933 1493 1029 1556 ideam

70 1591 181 1652 doloris
195 1593 230 1653 de
243 1596 360 1671 peccato
374 1593 506 1668 admisso,
525 1594 683 1655 aversionis
697 1596 733 1654 ab
747 1614 779 1654 eo
793 1597 823 1654 et
836 1593 1030 1654 conversionis

70 1693 107 1751 in
115 1691 220 1767 Deum,
237 1693 315 1771 quod
327 1695 490 1755 concedunt
500 1695 579 1754 docti
592 1695 787 1754 Protestantes
801 1694 849 1772 (ut
862 1694 1027 1768 Rosrusorv,
1101 1755 1106 1769 ,

70 1791 107 1850 in
117 1795 195 1870 voc.)
209 1811 217 1851 ι
234 1797 254 1827 “
262 1792 451 1870 poenitemini
463 1797 492 1854 et
501 1793 702 1854 convertimini
709 1797 745 1853 ut
755 1793 907 1854 deleantur
913 1800 1031 1872 peccata

71 1891 203 1952 vestra.’'
244 1895 311 1954 Act.
332 1893 376 1954 iii.
405 1899 451 1955 19.
503 1893 656 1972 Ejusmodi
677 1897 775 1954 autem
797 1891 975 1971 poenitentia
985 1896 1030 1954 est

72 1991 147 2069 quid
161 1991 277 2052 omnino
291 1991 464 2052 distinctum
475 1994 568 2066 afide,
584 2013 706 2072 eamque
729 1992 875 2072 supponit,
890 1995 971 2052 etex
985 2012 1027 2067 ee,

72 2089 224 2150 excitante
248 2094 279 2150 et
301 2091 460 2169 adjuvante
482 2091 584 2168 gratia,
611 2091 753 2170 gignitur.
799 2092 848 2151 Ex
871 2091 930 2151 fide
951 2091 1030 2152 enim

73 2189 161 2250 novit
173 2194 305 2268 peccator
318 2194 430 2252 tautam
444 2211 505 2252 esse
520 2197 669 2270 peccatum
683 2191 820 2252 offensam
834 2191 899 2266 Dei,
915 2194 1032 2253 tentum

72 2293 122 2353 sui
135 2291 228 2370 ipsius
240 2293 358 2365 mulum,
375 2291 516 2371 quantum
530 2297 573 2354 est
594 2295 629 2354 de
649 2313 682 2354 eo
703 2293 870 2367 dolendum,
887 2293 1030 2372 quantum

73 2393 111 2452 ab
126 2411 159 2452 eo
173 2393 372 2454 avertendum.
414 2395 547 2470 Insuper,
563 2392 743 2471 poenitentia
756 2393 820 2453 haec
833 2411 892 2452 non
904 2391 937 2452 in
950 2411 1031 2453 mero

73 2513 196 2556 assensu
206 2502 258 2554 eut
271 2515 349 2555 mero
358 2493 465 2555 affectu
476 2493 562 2568 sistit,
576 2495 627 2554 aad
641 2493 790 2572 operativa
802 2497 846 2553 est
862 2493 1031 2571 r-“digna

73 2593 264 2673 poenitentiae
290 2615 376 2674 opera
396 2593 566 2656 facientes.”
607 2596 674 2655 Act.
696 2593 780 2654 xxvi.
803 2598 852 2654 20.
900 2593 1031 2655 “Facite

73 2693 299 2770 fructusdignos
312 2693 531 2773 poenitentiae.''
553 2693 624 2754 Luc.
639 2693 684 2754 iii.
701 2699 728 2754 8.
770 2694 789 2752 J
790 2713 904 2754 amvero
913 2713 950 2754 ex
963 2697 1029 2753 tex-

74 2794 157 2854 tibus
171 2793 268 2854 allatis
282 2799 394 2854 constat
406 2794 624 2872 poenitentiam,
645 2813 705 2853 non
724 2792 823 2853 minus
837 2813 869 2854 ac
883 2794 980 2867 fidem,
995 2798 1031 2855 ut

76 2893 295 2972 dispositionem
316 2915 368 2955 seu
396 2895 593 2955 conditionem
628 2913 797 2954 concurrere
824 2895 861 2953 ad
887 2895 1031 2973 justifica-

75 2995 196 3055 tionem.
237 2995 418 3056 Praedicatur
442 2995 521 3055 enim
545 2997 580 3054 ut
604 2995 740 3053 habende
760 2995 1031 3054 “inremissionem

75 3093 291 3171 peccatorum,'’
320 3099 384 3155 “ut
398 3095 551 3154 deleantur
568 3092 725 3171 peccata:'’
749 3094 835 3166 datur
848 3113 865 3152 a
879 3095 942 3153 Deo
968 3099 987 3128 “
998 3093 1032 3152 in

75 3192 200 3266 vitam‚''
225 3198 244 3227 “
254 3192 286 3251 in
300 3195 424 3254 salutem
439 3193 604 3254 stabilem.’'
644 3195 716 3254 Luc.
726 3193 769 3253 iii.
807 3195 876 3253 Act.
890 3191 933 3253 iii.
944 3192 1029 3253 xxvi.

77 3297 96 3350 2
111 3293 175 3353 Cor.
190 3291 241 3352 vii.
284 3294 418 3354 Efficacia
430 3293 499 3353 fidei
514 3297 668 3370 eretusque
681 3312 775 3352 nexus
789 3293 851 3370 ejus
865 3312 930 3352 oum
940 3291 1031 3370 justi·

77 3392 213 3454 ficatioue
227 3392 439 3470 significantius
459 3413 518 3452 non
532 3393 694 3452 declaratur
707 3411 760 3452 neo
774 3392 913 3452 declarari
926 3395 1029 3470 potest.

119 3497 168 3553 40.
190 3492 232 3554 2⁰.
255 3493 387 3554 Charitas
398 3498 442 3554 est
450 3491 598 3570 dispositio
607 3492 644 3551 ad
650 3492 899 3570 justificationem.
943 3492 1030 3552 “Ite-

79 3593 242 3653 mittuntur
264 3593 291 3652 ei
312 3599 431 3671 peccata
451 3594 554 3666 multa,
584 3591 722 3669 quoniam
745 3592 851 3652 dilexit
873 3591 1030 3651 multum.''

80 3695 151 3754 Luc.
165 3692 217 3754 vii.
234 3693 282 3754 47.
325 3700 345 3729 “
355 3697 391 3754 Iu
405 3693 519 3756 Christo
528 3694 608 3842 J7esu,
620 3711 715 3770 neque
729 3691 906 3754 circumcisio
920 3689 1033 3768 aliquid

515 3787 527 3842 l
