2410 4318
27 431 149 486 mer.
173 407 274 500 vus]
325 407 504 482 Concordia
522 407 648 481 Gratiis
663 403 899 482 eiLc'iecicic‘s.
971 431 1031 500 233

90 587 130 643 2.
158 582 198 644 Ι.
222 580 348 642 Scientis
359 580 415 641 Dei
428 580 459 641 in
474 600 503 642 ss
516 580 603 642 unios
616 583 698 643 estet
708 579 937 660 simplicissime:
962 601 1034 662 quo·

36 682 147 743 niam
164 700 244 742 vero
257 680 342 758 plura
349 680 466 758 objecta
478 681 575 754 habet,
592 683 621 742 et
635 680 782 759 quonism,-
792 684 895 758 utpote
907 680 1035 756 infinita,

38 781 220 860 pluribus
232 779 360 842 scientiis
373 779 597 859 particularibus
610 779 774 858 aequivelet
791 781 836 858 obj
840 781 934 843 ective
945 782 1037 859 igitur

43 887 81 944 et
99 883 285 944 secundum
305 885 437 943 nostrum
459 883 578 943 modum
601 875 782 960 concipiendi
802 883 958 960 multiplex
979 883 1036 942 dis·

44 981 175 1060 tingui
204 984 310 1060 potest.
351 981 464 1042 Divisio
488 983 604 1044 scientoe
628 982 695 1054 Dei,
719 1000 784 1058 quse
807 982 844 1041 sd
863 985 1035 1058 prsoseutem

48 1081 235 1142 materiam
247 1081 384 1158 pertinet,
395 1102 428 1142 es
441 1085 485 1142 est
493 1103 551 1161 qus
565 1081 799 1160 distinguitur-in
809 1082 959 1142 scientiam
967 1083 1035 1141 sim·

46 1181 156 1260 plicis
172 1181 373 1258 inteiiipcntic
387 1182 466 1260 (quse
480 1182 568 1242 etism
578 1182 735 1259 aliquando
748 1183 870 1242 vocatur
883 1182 1034 1254 scincus,

53 1281 240 1361 aliquando
270 1282 435 1360 necessario)
466 1285 496 1342 et
523 1281 675 1342 scientiam
696 1281 814 1341 visionis
837 1283 916 1359 (quae
947 1283 1035 1341 etism

55 1385 203 1442 vocatur
216 1379 327 1458 libera).
367 1381 452 1440 Prior
462 1384 506 1442 est
519 1382 640 1441 scientis
647 1381 791 1459 imprimis
804 1381 897 1460 ipsius
905 1381 1036 1440 essentiis

59 1481 127 1541 Dei
139 1481 254 1541 deinde
265 1480 394 1540 omnium
401 1501 498 1540 rerum
508 1501 584 1541 mere
592 1481 782 1558 possibilium,
795 1501 845 1542 seu
855 1481 1037 1558 possibilium

65 1599 140 1659 quse
155 1600 218 1640 nec
232 1579 399 1640 existebant
411 1599 464 1639 nec
478 1580 613 1640 existunt
621 1599 674 1641 nec
686 1581 822 1640 extiturso
836 1583 926 1640 suntr
947 1580 1038 1639 alters

61 1684 112 1740 est
127 1679 261 1740 scientis
285 1680 415 1740 omnium
435 1700 533 1740 rerum
545 1680 578 1739 iu
591 1684 720 1758 tempore
741 1684 792 1740 θεῖ
814 1679 962 1758 prseterito
986 1681 1038 1738 θεῖ
1072 1733 1074 1737 .

65 1779 221 1858 prsesenti
255 1781 306 1839 θεῖ
323 1779 437 1858 *futuro
470 1780 669 1842 existentium
720 1781 758 1839 In
777 1781 832 1840 hsc
852 1779 1038 1840 distinctione

66 1898 178 1939 omnes
193 1880 316 1939 eatenus
330 1879 528 1940 conveniunt:
553 1880 603 1940 sed
623 1899 660 1939 θε
681 1879 720 1940 sit
744 1878 849 1938 divisio
872 1880 1034 1956 cdaequets,

70 1985 103 2041 et
130 2001 173 2041 θε
197 2000 259 2040 non
282 1982 368 2040 detur
387 1981 445 2041 slis
465 1981 573 2059 species
587 1981 715 2042 scientim
728 1981 1035 2058 objectivsdistiuctss,

70 2099 167 2157 quam
179 2079 334 2142 scientiam
354 2081 475 2141 medicos
488 2084 601 2154 vocant
615 2081 701 2154 infre,
716 2099 745 2141 n.
762 2085 809 2155 99,
828 2083 887 2154 dcc,
911 2079 1039 2160 disputa·

72 2181 169 2242 bitur.

115 2283 145 2341 3.
168 2280 215 2342 II.
239 2281 396 2340 Decretum
417 2279 551 2340 divinum
564 2281 609 2342 est
621 2283 703 2341 sotus
722 2279 884 2341 voluntatis
904 2279 962 2341 Dei
976 2297 1035 2358 quo

75 2363 146 2440 iuis
160 2379 276 2456 aliquid
289 2380 362 2454 fieri,
378 2383 421 2451 ut,
437 2380 503 2440 volo
518 2399 613 2440 creare
626 2380 776 2454 mundum,
793 2379 961 2456 permittere
974 2379 1038 2456 lep·

78 2497 146 2538 sum
160 2477 279 2551 Adcmi,
298 2481 348 2540 dcc.
390 2479 473 2539 Sicut
487 2478 607 2538 scientia
628 2478 693 2551 Dei,
710 2479 765 2537 etsi
778 2478 808 2537 in
824 2498 853 2538 se
867 2482 948 2538 setus
961 2497 1040 2537 unus

81 2584 110 2638 et
132 2580 259 2656 simplex
282 2599 340 2656 quo
371 2580 467 2638 omnia
498 2579 651 2656 cognoscit,
682 2579 792 2638 ratione
813 2581 911 2639 tamen
933 2577 1039 2656 objecti

80 2681 242 2757 multiplex
265 2680 473 2756 distinguitur;
494 2680 537 2740 its
558 2685 589 2740 et
612 2682 760 2740 decretum
780 2680 847 2754 Dei,
864 2679 919 2739 etsi
932 2680 1038 2739 unicus

83 2781 244 2840 voluntatis
254 2785 337 2842 actus
346 2801 402 2858 quo
411 2781 508 2841 omnis
516 2781 654 2856 decernit,
667 2781 825 2858 multiplex
836 2781 1036 2856 distinguitur.
1155 2813 1160 2820 ·

84 2879 220 2958 Insuper,
237 2881 291 2940 etsi
304 2900 357 2940 neo
370 2882 448 2940 inter
461 2881 643 2941 intellectum
657 2884 687 2941 et
699 2882 881 2942 voluntatem
894 2881 949 2941 Dei
959 2881 992 2939 in
1007 2900 1037 2940 se

87 2976 147 3035 ulls
160 2979 247 3037 datur
256 2977 404 3036 distinctio
424 2977 519 3050 realis,
535 2997 588 3037 nec
608 2977 686 3037 inter
698 2981 780 3036 ectus
793 2977 899 3036 horum
913 2978 1038 3036 attribu·

87 3078 177 3137 torem
190 3079 271 3138 ullus
284 3079 352 3138 ordo
365 3079 461 3152 realis,
480 3079 562 3158 qussi
582 3079 662 3138 Deus
675 3080 729 3138 hoc
743 3078 825 3156 prius
847 3079 952 3138 deinde
966 3079 1040 3137 illud

90 3177 160 3238 sciet
173 3189 225 3240 sut
239 3181 391 3252 decernet3
414 3183 552 3254 ettamen,
576 3183 693 3257 propter
712 3179 915 3240 infirmitatem
934 3183 1039 3238 nostrse

90 3280 200 3355 mentis,
217 3285 247 3341 et
260 3282 296 3340 sd
310 3281 441 3341 clariores
455 3285 609 3359 conseptus
622 3281 821 3354 habendensis
835 3281 907 3340 reali
920 3281 1038 3340 distino-

93 3377 168 3439 tione
181 3385 210 3442 et
223 3383 323 3443 ordine
343 3382 531 3442 successionis
555 3383 731 3460 objectorum
744 3382 851 3442 divinoe
866 3382 996 3442 seientise
1009 3385 1039 3442 θῖ

94 3477 254 3556 voluntatis,
270 3483 407 3542 inductus
427 3487 472 3542 est
494 3483 524 3542 in
550 3483 656 3542 scholis
675 3481 844 3558 theologicis
857 3482 959 3540 modus
972 3501 1039 3540 con·

97 3577 213 3654 ripiendi
226 3585 257 3642 et
269 3581 416 3660 loquendi,
431 3582 586 3641 secundum
601 3601 688 3659 quem
701 3580 824 3640 dicimus
837 3581 933 3640 Deum
946 3581 1039 3659 primo

97 3675 210 3754 insonti
222 3683 278 3748 hoc
290 3683 426 3756 scireest
439 3683 599 3760 decerpere,
616 3683 738 3755 secundo
746 3681 870 3758 instanti
878 3681 953 3755 illud
967 3681 1040 3756 scire
