2410 4318
87 439 186 485 nise.
203 417 263 504 v1.]
313 417 368 481 De
386 414 507 481 Gratia
522 417 615 482 Med.
632 421 703 481 11111.
719 416 935 503 Elea—neg.
996 427 1056 502 189

88 585 190 644 etiam
212 583 420 660 perfectissime
434 584 622 660 justificatus,
647 583 703 643 nisi
720 588 827 643 aeterna
849 584 915 644 luce
932 585 1056 662 justitiae

89 683 244 743 divinitus
258 683 421 760 adjuvetur,
434 689 510 742 recte
519 704 577 743 non
590 687 684 762 potest
694 683 822 743 vivere.''
865 684 893 744 S.
904 685 1057 744 Ductorem

89 785 144 844 ibi
158 783 248 862 loqui,
263 803 321 842 non
335 784 371 842 de
384 784 557 843 necessitate
579 784 757 843 auxiliorum
777 784 813 842 ad
836 785 952 860 singula
972 805 1058 861 opera

91 884 249 954 salutaria,
275 884 325 942 sed
348 884 385 942 ad
405 885 647 960 perseverantiam
671 883 803 956 activam,
824 889 905 960 patet
926 905 964 943 ex
987 885 1058 962 ipsis

89 984 199 1044 verbis
222 983 327 1055 allatis,
353 986 459 1042 “recte
482 983 597 1043 cicera.’'
651 984 736 1042 Patet
759 1003 875 1060 quoque
898 1003 935 1042 ex
963 985 1057 1043 verbis

90 1083 269 1145 immediate
282 1083 512 1160 precedentibus
524 1089 596 1146 :-“
605 1084 634 1142 N
636 1103 673 1142 on
693 1083 801 1142 descrit
815 1081 1056 1164 [Deusjustum],

93 1185 128 1245 si
150 1204 209 1244 non
228 1184 384 1256 deseratur,
406 1187 441 1242 ut
463 1185 512 1260 pie
533 1203 639 1260 sempor
661 1188 690 1242 11
710 1182 790 1260 juste
814 1183 935 1243 1111111111.
977 1184 1061 1243 Sicut

94 1284 184 1346 enim
197 1283 317 1344 oculus'’
333 1287 384 1343 &a
400 1288 436 1342 ut
450 1303 545 1361 supra.
587 1285 675 1342 Patet
695 1283 783 1344 etiam
797 1303 836 1342 ex
849 1284 946 1343 verbis
959 1284 1060 1342 imme-

94 1387 183 1446 diate
197 1386 392 1464 sequentibus,
418 1388 524 1445 “recte
547 1405 606 1444 non
627 1390 722 1462 potest
744 1387 851 1448 vivere.
892 1387 982 1445 Sanat
995 1406 1061 1462 ergo

95 1489 195 1559 Deus,
210 1505 269 1544 non
283 1485 375 1544 solum
390 1489 424 1544 ut
435 1485 529 1544 deleat
542 1486 619 1562 qued
629 1485 819 1562 peccavimus,
837 1486 886 1544 sed
899 1491 933 1546 ut
946 1493 1063 1564 praestet

96 1587 195 1648 etiam
208 1606 245 1644 ne
259 1585 440 1662 peccemus.”

145 1687 215 1746 ³⁵92.
246 1686 303 1744 Sed
329 1705 388 1762 qna
414 1685 589 1744 certitudine
616 1689 694 1743 certa
721 1684 759 1743 sit
785 1689 883 1743 nostra
906 1683 1062 1743 doctrina?

100 1791 246 1846 Anneius
261 1785 339 1862 (1.5,
356 1804 381 1844 a.
397 1789 423 1852 2,
441 1783 456 1862 §
475 1787 504 1861 l)
526 1784 597 1843 dicit
609 1785 814 1842 :-“Accedit
829 1785 864 1842 ad
878 1785 982 1844 fidem:
1004 1784 1062 1842 imo

99 1886 181 1947 mihi
191 1886 306 1945 videtur
317 1885 649 1944 sufficienterdefinitum
660 1905 691 1944 ac
701 1885 877 1943 declaratum
886 1905 938 1962 per
948 1885 1062 1944 traditi·

98 1984 221 2047 onem.’'
250 1987 363 2044 Suannz
378 1985 449 2044 dicit
473 1985 568 2064 (llo,
595 2005 619 2043 c.
645 1989 673 2056 2,
697 2005 724 2042 n.
745 1986 793 2052 12)
810 1991 881 2043 :—“
894 1985 962 2047 Sine
976 1985 1063 2044 dnbio

99 2107 213 2164 negare
226 2085 426 2145 necessitatem
441 2085 564 2143 actualis
579 2083 683 2142 auxilii
704 2084 759 2143 Dei
774 2085 810 2142 ad
824 2105 909 2162 opera
927 2105 1063 2162 superna·

100 2187 225 2258 turalia,
249 2186 337 2244 etiam
358 2189 490 2261 respectu
503 2184 630 2242 hominis
647 2183 731 2259 justi,
748 2203 798 2242 seu
811 2185 912 2261 gratiae
927 2205 1063 2262 superna-

101 2285 221 2359 turalis,
247 2284 365 2344 omnino
386 2284 501 2355 falsum,
526 2305 577 2342 seu
600 2291 699 2341 contra
713 2284 801 2341 fidem
815 2289 867 2356 est,
884 2289 919 2342 nt
932 2289 1013 2361 patet
1027 2305 1062 2343 ex

103 2386 196 2446 dietis
211 2405 306 2462 supra,
322 2384 342 2441 l.
361 2389 377 2442 3
393 2381 433 2464 [e.
450 2388 477 2454 8,
492 2402 520 2441 n.
539 2385 584 2456 17,
602 2385 662 2451 dcc,
677 2402 702 2442 c.
718 2389 745 2453 9,
760 2403 789 2441 n.
806 2389 833 2454 4,
852 2383 916 2463 7].”

150 2489 219 2546 193.
243 2487 301 2546 Sed
324 2486 381 2543 duo
403 2483 451 2542 hic
474 2483 600 2543 notanda
624 2490 701 2543 sunt.
755 2484 794 2543 10.
825 2484 915 2542 Multi
936 2485 1064 2562 theologi

104 2589 215 2648 docent
227 2585 327 2665 (longe
340 2584 530 2654 communius,
545 2587 580 2642 111
593 2584 677 2662 puto)
692 2583 815 2660 gratiam
837 2583 1063 2644 sanctificantem

106 2706 223 2763 semper
237 2691 267 2746 et
280 2687 389 2745 virtute
404 2704 455 2743 sua
469 2683 526 2742 sibi
536 2684 582 2760 adj
587 2687 689 2742 unctas
700 2685 804 2743 habere
814 2684 922 2759 gratias
931 2686 1067 2760 actuales,

106 2789 215 2848 saltem
229 2805 294 2864 quoe
308 2785 475 2844 necessariae
490 2789 558 2842 sunt
572 2785 609 2841 ad
623 2804 683 2842 eam
705 2783 886 2860 aliquamdiu
900 2804 1069 2844 conservan-

108 2891 190 2949 dam.
231 2887 311 2947 Hinc
325 2887 429 2945 docent
452 2886 523 2944 istas
545 2885 653 2961 gratias
667 2885 803 2954 actuales,
819 2886 874 2944 etsi
890 2886 1028 2962 speciales
1042 2891 1071 2946 et

107 2991 257 3050 indebitas
280 2987 393 3047 homini
416 2991 449 3046 111
471 2988 519 3059 sic,
546 3005 599 3046 nec
624 2987 762 3063 speciales
781 3007 833 3046 nec
853 2988 998 3047 indebitas
1012 3009 1071 3048 esse

109 3090 226 3149 homini
246 3089 328 3165 justo
351 3093 384 3146 ut
397 3088 485 3164 justo.
527 3087 585 3145 Vid
613 3087 760 3145 sinnam.
783 3089 811 3146 d.
836 3094 862 3159 3,
879 3110 908 3148 n.
924 3095 990 3160 222,
1014 3095 1071 3148 228
1134 3101 1137 3107 ·

110 3193 315 3260 1123211111.
340 3187 418 3245 “Ad
439 3187 674 3261 argumentum,’'
696 3191 726 3246 et
746 3187 831 3259 iufra,
849 3187 877 3248 d.
897 3195 942 3261 12,
958 3209 988 3248 n.
1006 3195 1071 3250 152.

110 3288 189 3348 Dixi
211 3285 421 3364 “aliquamdiu
433 3288 461 3356 ;”
483 3304 581 3343 omnes
594 3285 671 3343 enim
686 3287 849 3346 concedunt
863 3289 898 3346 ad
913 3289 962 3346 diu
976 3308 1071 3365 perse·

112 3388 285 3459 venandum,
307 3391 412 3462 praeter
435 3383 488 3444 illa
510 3383 630 3453 auxilia,
650 3385 708 3444 alia
732 3406 793 3444 esse
818 3387 986 3460 necessaria,
1008 3407 1073 3464 quae

113 3486 227 3547 homini
254 3487 342 3545 etiam
366 3485 447 3562 justo
474 3502 590 3559 prorsus
617 3484 747 3544 indebita
778 3491 847 3545 sunt
874 3491 903 3546 11
928 3487 1072 3563 specialia,

116 3587 276 3648 secundum
290 3585 450 3644 doctrinam
463 3582 610 3653 traditam,
626 3583 652 3642 d.
668 3589 698 3643 5.

157 3689 227 3746 194.
248 3687 314 3746 Imo
336 3691 422 3743 “non
445 3686 490 3744 est
511 3682 627 3741 omnino
642 3683 839 3761 impr-obahilis
853 3689 882 3744 et
895 3687 1073 3762 reprobanda
