2410 4318
33 377 146 420 mss.
169 355 258 440 vir]
309 357 364 420 De
381 355 502 421 &otro
516 355 616 439 Effic.
633 353 793 440 etSuffic.
973 376 1032 438 199

40 540 191 597 quoque
218 520 321 580 eadam
335 541 420 597 opera
440 520 808 597 operamur:-—“Salutem
831 522 956 578 vestram
969 539 1036 596 ope·

43 621 216 680 ramini.''
243 621 319 682 Ibid.
337 625 383 681 12.
411 625 431 656 “
444 622 604 697 Operemur
627 623 734 679 bonum
748 621 785 679 ad
798 619 926 680 omnes.'’
942 620 1037 680 GoJat.

44 722 92 780 vi.
115 727 173 782 10.
221 721 290 782 vid.
304 723 332 782 d.
350 727 395 795 12,
410 741 440 782 n.
455 727 502 781 20.

98 827 158 882 25.
177 822 244 900 (t).
276 822 392 882 Diserte
419 823 545 899 denique
572 823 732 880 affirmatur
758 841 818 892 nos,
842 822 874 880 in
901 821 1036 898 operibus

50 922 152 983 bonis
167 923 324 995 faciendis,
340 924 402 982 Deo
427 925 576 999 cooperui.
617 923 674 982 Sed
694 923 852 999 cooperatio
872 923 903 982 ri
917 923 1035 982 termini

53 1023 225 1100 signifieat
252 1023 433 1084 nativitatem
459 1024 498 1099 in,
514 1031 700 1100 cooperante;
736 1023 883 1099 signifieat
913 1024 1035 1082 eumin

57 1143 156 1201 opere
171 1124 326 1184 efficiendo
346 1143 405 1182 non
418 1127 453 1184 ut
466 1124 693 1184 instrumentum
713 1143 821 1183 eaeeum
835 1128 865 1182 et
877 1143 950 1201 pura
969 1143 1035 1201 pas-

60 1225 171 1283 sivum
184 1225 319 1284 adhiberi
334 1244 340 1284 :
362 1224 422 1283 vid.
438 1229 538 1284 textus
553 1225 581 1284 S.
596 1225 671 1283 Aua.
683 1224 770 1296 intra,
786 1245 813 1283 n.
829 1229 877 1285 30.

106 1325 355 1400 “Unusquisque
381 1325 527 1400 propriam
552 1325 712 1384 mercedem
732 1323 854 1401 accipiet
878 1324 1036 1383 seeundum

63 1442 158 1481 suum
184 1422 325 1483 laborem.-
347 1423 403 1481 Dei
426 1423 499 1481 anim
524 1443 623 1482 sumus
649 1423 821 1500 adjutorea.”
863 1427 877 1481 1
904 1423 969 1484 Gor.
990 1423 1035 1485 iii.

66 1525 96 1593 8,
115 1528 145 1581 9.
189 1523 241 1583 Ibi
255 1523 332 1583 olare
346 1523 526 1599 significatur
539 1543 591 1582 nos
604 1524 636 1582 in
648 1529 746 1584 nostra
760 1524 853 1583 salute
863 1523 1036 1585 elaboranda

66 1643 140 1682 vere
151 1623 275 1700 operari,
300 1627 330 1682 et
351 1623 395 1682 ita
418 1615 530 1700 operari
553 1627 588 1682 ut
606 1625 668 1683 Deo
689 1625 810 1684 eandem
837 1625 969 1702 operanti
981 1645 1034 1685 nos

69 1727 378 1799 cooperemur-Ome
389 1745 443 1796 pap
454 1745 539 1796 εσμεν
549 1745 693 1796 conspuet,
706 1724 726 1783 i.
735 1743 760 1784 e.
770 1729 963 1802 cooperantem,
975 1725 1032 1785 ie.

74 1821 116 1899 (si
136 1822 181 1882 ita
193 1841 247 1899 per
259 1823 458 1900 pleonasmum
482 1822 565 1899 loqui
588 1823 687 1902 liceat)
712 1823 807 1884 aetina
827 1829 1033 1901 cooperantes:

75 1923 154 1999 quod
177 1943 289 2000 semper
302 1925 357 1983 hoe
380 1923 555 1982 vocabulum
575 1923 607 1982 in
622 1903 774 2000 Seript'nra
797 1928 889 1997 sonat,
904 1927 940 1984 ut
952 1926 1036 1984 Rom·

76 2022 131 2079 xvi
146 2026 174 2095 3,
192 2028 219 2094 9,
237 2026 291 2096 21;
317 2023 414 2082 acor.
429 2023 449 2082 i.
465 2025 523 2096 243
545 2023 608 2082 viii.
625 2028 681 2096 233
705 2024 780 2082 Phil.
796 2025 827 2082 ii.
844 2027 963 2100 25;&o.

118 2127 166 2182 26.
189 2123 329 2208 “Gratia
345 2129 445 2182 autem
468 2123 525 2182 Dei
551 2123 668 2181 sumid
690 2124 862 2200 quodsum,
888 2129 917 2184 et
940 2125 1034 2201 gratia

80 2222 145 2299 ejus
156 2221 189 2281 in
201 2243 247 2282 me
260 2243 353 2284 vaona
366 2243 425 2282 non
438 2223 505 2292 fuit,
531 2224 581 2281 sed
601 2225 797 2283 abundantius
817 2226 879 2283 illis
899 2227 1034 2283 omnibus

80 2322 216 2396 laboravi,
240 2343 297 2382 non
320 2343 372 2399 ego
395 2328 493 2382 autem
515 2325 565 2381 sed
589 2325 682 2398 gratia
701 2324 758 2382 Dei
771 2325 914 2384 meeum.”
939 2327 1034 2384 lGor.

84 2441 133 2482 xv.
151 2425 194 2480 10.
236 2423 335 2482 Gratia
351 2423 408 2482 Dei
427 2423 498 2482 feeit
511 2422 637 2480 Paulum
650 2423 679 2480 id
694 2423 773 2498 quod
793 2427 864 2495 erat,
880 2423 924 2484 ita
937 2429 1034 2482 tamen

86 2523 180 2582 utilia
192 2523 346 2583 laborando
369 2525 469 2600 gratiae
493 2528 709 2600 cooperaretur:
731 2543 789 2582 non
812 2524 920 2582 Paulus
944 2543 982 2583 ex
1003 2543 1034 2584 se

87 2622 161 2695 feeit,
176 2643 226 2681 nee
239 2623 334 2700 'gratia
346 2642 398 2699 par
408 2643 446 2695 se,
462 2624 511 2682 sed
526 2622 638 2682 Paulus
652 2642 717 2681 oum
731 2623 833 2699 gratia.

126 2723 171 2783 27.
190 2723 361 2801 Arpumanto
373 2744 406 2783 aa
419 2723 566 2783 Patribus.

129 2827 166 2878 Εν
188 2844 220 2917 τῃ
244 2847 409 2898 προαιρεσει
430 2847 518 2880 κειται
544 2847 578 2916 ap
602 2822 731 2902 ἡμετερᾳ,
753 2845 824 2898 μετα
847 2846 900 2898 την
922 2827 1032 2878 ανωθεν

94 2943 181 2996 χαριν,
192 2945 222 2979 τα
235 2948 283 2998 της·
297 2947 394 2999 αρετης
408 2947 454 2980 και
467 2947 515 2998 της
530 2947 625 2980 rueras·
646 2967 654 2985 .
677 2977 682 2985 ,
705 2965 713 2984 .
736 2965 744 2983 .
765 2947 811 2980 και
824 2927 1035 2981 σπουδασαντσς
1056 2945 1059 2952 ·

98 3026 225 3098 δυναμεθα
247 3029 383 3096 (γενεσθαι
408 3047 542 3097 evaporet,
565 3047 610 3079 και
634 3023 855 3098 ιραθυμησαντες
877 3028 965 3080 πολιν
993 3047 1032 3079 crs

99 3145 144 3178 τον
163 3145 203 3198 της
224 3123 355 3198 ἁμαρτιας
379 3147 505 3198 κρημνον
520 3125 744 3198 καταφερομεθα.
788 3125 856 3182 “In
882 3123 1034 3182 voluntate

97 3226 190 3295 nostra,
212 3228 276 3300 post
299 3241 453 3300 supernam
479 3222 612 3298 gratiam,
639 3224 701 3282 sitae
724 3227 842 3282 suntet
865 3221 989 3281 virtutes
1002 3228 1033 3280 et

100 3321 171 3396 vitis,
191 3367 198 3382 .
219 3365 225 3379 .
244 3365 253 3384 .
275 3367 283 3383 .
305 3328 336 3382 et
360 3323 455 3382 studio
481 3327 579 3381 nostro
602 3343 755 3400 possumus
782 3323 846 3382 fieri
873 3322 1032 3383 virtutibus

102 3424 237 3500 conspicui,
257 3429 287 3484 et
300 3445 316 3484 e
330 3429 429 3483 eontra
449 3424 560 3483 desides
573 3424 653 3498 faeti,
668 3425 701 3482 in
714 3425 825 3500 peceati
838 3422 1033 3498 praeoipitium

32 3531 33 3538 ’
104 3523 218 3583 daferri.”
239 3523 268 3582 S.
292 3525 324 3582 J.
348 3523 591 3594 Ouarsosrouus,
609 3521 696 3579 Hom.
719 3525 759 3580 54
782 3520 814 3576 in
838 3520 941 3578 Ganos.
956 3539 987 3578 n.
1002 3522 1028 3579 l.

104 3623 194 3682 Eadem
206 3621 334 3682 doctrina
347 3641 430 3699 aeque
444 3621 520 3681 elare
544 3621 575 3679 et
598 3619 795 3696 significanter
807 3618 840 3676 in
852 3617 917 3677 aliis
929 3617 1000 3677 loeis
1013 3636 1031 3676 a
