2402 4292
7 423 105 470 oren.
122 401 187 487 x.]
270 398 325 464 De
339 399 621 486 Dzipors'tr'om'bus
635 403 683 468 ad
696 402 845 492 Justzflc.
936 423 997 493 357

7 589 76 630 non
103 587 178 647 qua
205 565 332 628 creditur
356 567 472 644 propria
489 567 672 646 justificatio,
689 570 738 630 sed
762 589 821 648 qua
843 570 1002 631 creduntur

10 673 77 731 duo
95 671 252 747 dogmata
264 667 307 730 ibi
320 675 488 729 memorata.

56 776 114 833 24.
154 770 265 848 Objcct.
295 775 323 830 2.
360 769 507 847 Quicquid
539 769 648 830 dicitur
681 772 717 831 de
750 791 836 832 sensu
869 771 1004 833 vocabuli

15 872 171 945 “fides‚''
201 870 309 930 fiducia
327 869 433 932 diserte
456 871 488 930 in
510 871 662 950 Scriptura
683 873 803 951 ponitur
824 875 859 935 ut
876 873 1004 935 conditio

14 971 273 1054 justificationis.

66 1081 123 1136 25.
146 1075 242 1150 Jeep.
262 1071 432 1148 Disangu0:
446 1072 569 1132 Fiducia
577 1092 663 1133 sensu
671 1073 891 1147 Protastsntico‚
899 1073 1007 1136 fiducia

19 1174 167 1253 propriae
191 1171 413 1251 justificationis
432 1173 469 1232 eb
490 1173 623 1232 omnibus
646 1174 845 1250 peccatoribus
863 1175 1005 1246 habenda,

22 1279 61 1335 ut
76 1274 224 1335 medium
245 1291 301 1350 quo
318 1272 528 1350 justificantur,
544 1275 596 1332 aut
616 1275 652 1335 ut
663 1273 724 1332 ullo
745 1274 830 1332 modo
849 1275 1008 1334 necessaria

27 1377 67 1436 ad
78 1373 335 1454 justificationem
349 1373 396 1432 vel
418 1374 454 1432 ed
468 1392 531 1434 eam
556 1373 729 1452 disponens:
758 1374 788 1436 N
789 1393 861 1452 ego:
888 1373 1009 1434 Fiducia

30 1476 140 1552 aliquo
156 1473 219 1534 alio
234 1491 339 1532 sensu:
363 1473 512 1533 Transeat.

73 1581 129 1636 26.
162 1575 291 1650 Urqctcr
308 1575 333 1632 1.
357 1578 375 1608 “
384 1572 493 1632 Videas
513 1573 601 1632 desua
620 1573 707 1634 fidem
729 1571 856 1654 [πιστιν]
881 1565 1026 1646 illorum.

33 1674 119 1734 dixit
164 1671 346 1750 paralytico:
389 1672 508 1732 Confido
550 1671 691 1752 [θαρσει],
731 1673 782 1742 fili,
820 1672 1011 1732 remittuntur

34 1775 220 1856 [maeatae
242 1772 360 1832 remissa
379 1771 463 1852 sunt]
479 1772 534 1832 tibi
554 1777 670 1849 peccata
688 1772 771 1833 tua.''
798 1772 908 1833 Matth.
922 1770 965 1831 ix.
982 1775 1010 1832 2.

37 1876 172 1936 Fiducia
180 1874 223 1934 ibi
234 1874 320 1951 plane
334 1873 491 1934 exhibetur
503 1876 538 1932 nt
546 1873 696 1950 dispositio
709 1874 746 1934 ad
755 1871 1007 1952 justificationem.

81 1977 134 2036 27.
162 1977 245 2050 Resp.
267 1975 296 2034 N
297 1992 349 2050 ego
367 1974 407 2046 1⁰,
428 1973 574 2046 fiduciam,
587 1974 622 2034 da
636 1993 696 2050 qua
708 1973 741 2032 in
754 1977 849 2046 textu,
861 1992 923 2034 ease
936 1973 1009 2034 fidu·

41 2077 120 2136 ciam
136 2074 263 2154 propriae
274 2074 495 2152 justificationis
506 2075 568 2152 jam
581 2076 733 2147 habendae,
748 2095 833 2135 sensu
847 2076 1012 2134 Protestan-

43 2177 113 2237 tico.
156 2178 232 2236 Erat
245 2175 324 2234 enim
343 2175 452 2234 fiducia
462 2176 681 2253 justificationis
691 2177 755 2254 jam
774 2176 891 2246 habitae,
906 2175 1014 2236 fiducia

44 2277 121 2336 nixa
135 2275 259 2355 speciali
272 2280 302 2336 et
316 2293 450 2352 expressa
463 2275 638 2336 revelatione
652 2275 763 2336 Ohristi
775 2276 807 2335 id
821 2275 1010 2336 declarantis:

47 2379 128 2438 unde
151 2377 342 2455 paralyticus,
368 2378 422 2436 hac
446 2377 623 2438 revelatione
646 2378 674 2436 ci
694 2377 780 2451 facta,
806 2377 1014 2438 certitudinem

47 2476 119 2537 fidei
142 2477 248 2537 habuit
265 2497 295 2537 sc
316 2495 377 2536 esse
395 2477 608 2554 justificatum:
636 2477 665 2538 d.
682 2480 728 2551 ll,
751 2495 780 2535 n.
797 2482 825 2538 2.
867 2476 953 2534 Unde
968 2475 1011 2548 2⁰,

50 2579 221 2654 negandum
242 2581 286 2636 est
298 2577 372 2636 hanc
396 2575 534 2638 fiduciam
555 2595 616 2636 esse
630 2577 774 2636 ullomodo
798 2573 1014 2653 dispositionem

53 2677 90 2734 ad
100 2675 353 2754 justificationem.

94 2779 143 2834 28.
174 2775 328 2853 Urqstur2
353 2794 391 2834 ex
413 2775 513 2835 eodem
538 2747 608 2852 cap.¹
625 2777 655 2835 S.
675 2773 782 2834 Matth.
802 2793 875 2834 vers.
890 2780 938 2849 22,
964 2775 1016 2835 ubi

55 2875 174 2934 mulieri
195 2895 260 2952 quae
281 2875 397 2934 fluxum
421 2875 570 2950 sanguinis
592 2875 758 2951 patiebatur
782 2875 860 2936 dixit
873 2875 1013 2950 christus,

59 2976 77 3006 ‘⁸
90 2975 219 3047 confide,
235 2974 306 3048 filia,
322 2975 395 3034 fides
409 2977 460 3033 tua
474 2978 503 3034 tc
517 2974 627 3034 salvam
641 2975 740 3036 fecit.''

98 3078 148 3135 29.
167 3075 253 3150 nep.
284 3073 325 3134 1⁰.
360 3073 483 3134 Fiducia
509 3074 567 3133 ista
592 3073 699 3134 fiducia
722 3077 785 3134 erat
807 3074 843 3132 de
870 3073 1018 3134 sanatione

60 3174 151 3232 morbi
165 3173 334 3250 corporalis:
351 3193 445 3250 supra,
458 3193 488 3234 n.
501 3178 546 3233 16.
580 3175 621 3234 Et
633 3175 674 3246 2⁰,
690 3173 798 3233 fiducia
811 3177 874 3234 orat
886 3175 1019 3234 habenda

61 3295 98 3334 ex
112 3277 301 3338 affirmatione
315 3278 424 3338 Christi
438 3278 555 3355 speciali
569 3282 599 3338 et
612 3279 740 3338 definita.

100 3382 149 3438 30.
178 3381 298 3458 Urgetur
313 3385 329 3440 ὃ
352 3399 389 3440 cx
403 3381 492 3440 Marc.
507 3383 549 3440 xi.
565 3385 604 3439 24
616 3402 660 3440 ι-
671 3385 690 3416 “
702 3379 807 3440 Omnia
826 3399 1018 3458 quaecumque

63 3485 176 3540 orantes
196 3482 304 3560 petitis,
320 3481 428 3542 credite
449 3481 517 3558 quia
537 3481 694 3559 accipietis,
717 3486 746 3540 et
760 3481 894 3542 evenient
906 3480 1016 3542 vobis.’'

63 3579 137 3658 Ergo
144 3583 263 3662 (praetcr
275 3583 355 3660 alia),
363 3583 388 3642 si
399 3583 465 3662 quis
473 3583 610 3644 fiduciam
617 3583 723 3642 habeat
733 3601 793 3642 suae
800 3583 1018 3660 justificationis

66 3695 116 3738 seu
130 3681 227 3741 eredat
240 3699 270 3740 se
281 3680 449 3760 justificari,
466 3699 499 3740 eo
512 3679 575 3758 ipso
586 3678 774 3757 justificatur.
