2402 4292
173 397 235 464 ²86
547 391 599 456 De
616 389 747 456 Gratia
942 391 1045 477 [uror.
1064 414 1140 460 vrn.

52 621 54 626 .
171 580 273 622 sensus
290 559 377 620 liberi
397 557 512 619 arbitrii
533 559 594 618 Deo
608 557 750 618 excitanti
764 559 795 617 et
809 557 927 618 vocanti
939 578 995 636 per
1008 562 1137 637 gratiam

170 662 397 740 praevenientem
416 661 493 720 nihil
511 660 543 720 in
563 679 594 720 re
615 659 654 719 sit
667 661 745 736 quod
763 679 824 718 uon
844 659 884 720 sit
896 665 1135 738 supernaturale,

169 766 200 822 et
213 763 291 840 quod
310 781 367 822 non
388 761 477 820 aimul
490 780 507 820 a
520 761 582 820 Deo
602 762 725 832 emanet,
747 779 808 818 non
826 759 922 820 solum
936 763 1088 840 tanquam
1102 767 1135 824 ab

169 863 327 937 alliciente,
350 862 498 923 excitante
511 864 542 922 et
555 859 699 921 invitante
717 862 753 920 ad
767 861 797 920 id
812 861 969 922 arbitrium
984 867 1133 937 nocuum,

170 964 220 1024 aed
246 963 335 1024 etiam
358 967 497 1040 tanquam
521 983 538 1023 a
561 965 732 1040 cooperante
757 981 811 1040 per
838 962 989 1024 auxilium
1010 967 1132 1042 gratia:

169 1069 259 1143 atque
279 1065 349 1123 adeo
362 1064 398 1124 dt
410 1067 446 1122 ut
458 1061 534 1124 nihil
551 1062 671 1122 omnino
690 1063 798 1124 habeat
811 1063 933 1124 adultus
948 1085 989 1126 ex
1003 1065 1053 1139 iia,
1069 1085 1134 1145 qna

169 1167 206 1226 ad
220 1165 463 1244 justificationem
482 1167 553 1225 sunt
566 1163 737 1238 necessaria,
761 1168 792 1226 et
804 1165 914 1242 quibus
931 1186 1028 1228 anon
1042 1169 1133 1246 justi·

170 1267 257 1328 ficato
276 1266 465 1340 discernatur,
489 1265 525 1324 de
547 1283 604 1341 quo
628 1263 746 1340 gloriari
764 1265 865 1343 possit,
889 1285 922 1326 ao
945 1266 971 1326 ei
991 1267 1026 1326 id
1040 1288 1059 1327 a
1075 1270 1133 1328 Deo

174 1386 234 1426 non
253 1365 420 1444 acceperit:
441 1366 558 1425 tametsi
572 1365 609 1424 ad
621 1363 716 1422 multa
727 1383 766 1422 ex
778 1364 825 1437 iia,
842 1383 908 1442 qua
928 1367 968 1426 ad
984 1368 1130 1445 justifica·

175 1467 284 1526 tionem
298 1468 368 1525 runt
380 1465 549 1535 necessaria,
570 1465 660 1524 libere
674 1467 843 1541 cooperetur
855 1485 888 1525 ae
901 1466 1023 1540 influat,
1045 1469 1090 1528 ita
1102 1473 1131 1527 nt

172 1565 204 1624 in
217 1565 310 1644 ipsius
325 1567 469 1643 potestate
484 1564 522 1623 sit
539 1583 598 1622 non
612 1563 756 1640 cooperari
769 1566 800 1622 et
816 1582 875 1622 non
889 1564 1030 1639 influere,
1047 1572 1130 1644 atque

173 1667 244 1724 adeo
270 1663 410 1742 impedire
434 1683 471 1723 ne
492 1663 523 1722 in
543 1682 640 1722 rerum
666 1665 771 1721 natura
794 1663 954 1724 existant.”
997 1665 1128 1737 Morini,

173 1769 277 1828 (1.380
299 1765 407 1826 similia·
426 1765 497 1824 alibi
522 1765 628 1843 saepius
650 1765 746 1836 habet,
770 1768 805 1824 ut
826 1765 952 1826 inferius
975 1767 1009 1827 in
1032 1769 1126 1828 eaden

173 1867 248 1945 disp.
269 1867 383 1927 solvens
404 1866 594 1944 objectionem
609 1887 626 1925 a
639 1867 764 1925 Gazara.
787 1887 883 1944 supro,
906 1887 936 1928 n.
956 1873 1028 1944 113,
1051 1891 1125 1948 repe

143 1988 145 1992 ·
172 1967 267 2040 titum,
277 1986 390 2044 nempe,
403 1969 494 2025 totam
506 1967 594 2024 unius
603 1967 637 2024 ab
647 1967 736 2024 altero
748 1965 952 2026 discretionem
961 1971 998 2028 ab
1011 1971 1125 2030 arbitrio

172 2086 233 2127 case
256 2067 440 2144 repetendam
452 2088 492 2126 :-
505 2067 678 2142 “Neganda
699 2070 743 2126 est
766 2068 942 2141 consecutio,
970 2071 996 2127 si
1020 2070 1123 2130 intelli·

172 2173 260 2245 gatur
280 2169 315 2228 de
336 2187 485 2240 consensu,
507 2169 558 2246 qni
578 2169 620 2227 ita
640 2169 679 2226 ait
692 2168 812 2226 alibero
832 2173 932 2229 nostro
954 2171 1078 2231 arbitrio
1095 2177 1124 2229 ut

172 2289 230 2328 non
251 2268 339 2328 simul
360 2288 392 2328 ac
412 2268 557 2347 praecipue
578 2269 617 2326 ait
636 2270 738 2337 aDeo,
759 2287 819 2326 non
839 2271 934 2328 solum
954 2272 993 2329 ad
1014 2271 1047 2330 id
1066 2271 1121 2330 elli-

172 2369 277 2443 ciente,
293 2373 414 2428 vocante
434 2372 464 2428 et
479 2367 618 2427 incitante
637 2387 689 2445 per
702 2367 847 2427 auxilium
867 2369 971 2444 gratiae
985 2371 1122 2448 praeveni-

172 2469 258 2542 entis,
286 2469 336 2528 sed
359 2468 448 2528 etiam
472 2470 643 2546 cooperante
665 2486 718 2546 per
739 2467 818 2527 idem
846 2469 995 2529 auxilium
1017 2471 1120 2548 gretie.

172 2570 269 2637 Quare
283 2570 364 2630 Deua
384 2569 494 2648 estqui
513 2569 658 2647 praecipue
675 2567 870 2647 justificatum
883 2569 1027 2630 discernit
1040 2591 1120 2631 enon

154 2669 343 2750 ¹justificato,
366 2669 415 2730 sed
435 2672 605 2746 cooperante
623 2668 716 2746 ipsius
736 2668 838 2742 adulti,
860 2669 914 2746 qui
933 2670 1118 2747 justificatur,

174 2769 302 2843 arbitrio,
324 2773 359 2830 ut
373 2773 417 2829 est
430 2769 466 2828 de
479 2769 554 2830 fide:
577 2788 610 2828 ao
625 2769 746 2846 proinde
760 2767 835 2827 nihil
848 2769 938 2829 habet
947 2770 1120 2846 justificatus

174 2887 234 2944 quo
255 2887 272 2926 a
292 2887 350 2926 nou
367 2867 527 2945 justificato
548 2869 737 2940 discernatur,
764 2866 843 2946 quod
857 2887 874 2926 a
886 2868 950 2927 Deo
968 2887 1031 2928 non
1051 2889 1118 2928 accc·

174 2967 261 3045 perit,
284 2971 372 3044 atque
399 2967 470 3026 adeo
495 2969 532 3027 de
558 2988 615 3046 quc
642 2968 761 3044 gloriari
786 2967 879 3045 possit
901 2967 986 3045 quasi
1014 2969 1118 3027 iduor

174 3065 326 3145 acceperit.
369 3067 404 3124 Id
417 3069 514 3126 tamen
535 3087 594 3126 non
608 3068 688 3129 tollit
701 3068 776 3126 illud
788 3067 885 3145 ipsum
898 3067 1027 3144 pendere
1041 3069 1118 3127 simul

173 3166 302 3228 alibero
324 3165 525 3242 cooperatione
547 3171 577 3226 et
597 3165 713 3226 influxu
735 3166 849 3226 arbitrii
869 3167 937 3226 talia
958 3167 1116 3246 justificati,

174 3267 236 3326 sine
249 3286 308 3345 quo
321 3265 398 3325 illud
411 3262 507 3342 ipsum
522 3285 581 3324 non
594 3265 697 3326 esset.''

215 3369 281 3425 115.
310 3366 390 3426 Hinc
417 3365 503 3425 facile
531 3365 729 3424 dissolvuntur
761 3364 909 3424 instantia
943 3365 1115 3442 quorundam

172 3469 347 3525 auctorum:
368 3484 396 3523 v.
412 3483 439 3540 g.
471 3465 510 3522 10.
532 3465 618 3523 Petro
634 3447 831 3523 ¹consentienti
852 3466 883 3522 et
902 3462 996 3521 Paulo
1017 3462 1114 3520 disoen-

172 3564 259 3623 tienti
273 3564 395 3641 aequalia
408 3564 502 3640 gratia
515 3563 611 3636 datur,
627 3563 685 3622 imo
699 3563 795 3622 forsan
808 3562 900 3622 Paulo
913 3561 1016 3638 major,
1031 3582 1059 3620 n.
1073 3565 1111 3618 91.

172 3664 249 3740 Ergo
272 3664 348 3741 quod
373 3663 478 3724 Petrus
501 3662 663 3724 consentiat
682 3681 741 3724 non
761 3661 865 3740 gratiae
889 3661 938 3723 sed
963 3661 1018 3722 ooli
1037 3663 1112 3722 Petro
