2424 4300
71 424 157 468 nrsr.
175 401 234 486 va]
282 403 338 466 De
356 401 475 466 Gratata
490 403 582 466 Med.
599 407 661 466 arat
674 401 886 491 Eleu.--nog.
972 407 1028 481 163

69 567 157 648 hua],
174 588 226 646 per
236 587 269 628 ea
283 587 348 646 quae
361 569 437 627 facta
451 574 527 641 suut,
543 569 698 640 intellecta,
715 570 940 647 conspiciuntur,
957 590 1029 628 sem-

69 671 188 747 piterna
201 689 316 748 quoque
330 669 394 746 ejus
407 669 502 729 virtus
516 673 546 729 et
560 669 714 731 divinitas:
738 671 780 730 ita
793 679 828 730 ut
842 671 900 731 sint
910 671 1030 732 inexcu-

71 771 212 830 sabiles.’'
241 773 324 830 Rom.
350 773 369 828 i.
402 775 507 830 18-20.
559 772 679 848 Duplici
713 773 796 832 modo
825 773 873 831 hic
905 776 1032 832 nostram

70 873 236 931 doctrinam
258 872 402 948 significat
426 875 456 933 S.
480 873 613 944 Paulus3
638 874 677 946 1⁰,
705 875 870 932 affirmando
891 873 1029 944 ethnicos,
1072 937 1074 940 ,

70 974 129 1033 etsi
147 974 210 1033 sine
226 974 409 1045 revelatione,
434 976 528 1034 Deum
542 975 708 1051 ignorantes
732 995 789 1034 non
810 975 875 1034 ideo
889 976 1051 1054 immunes,

70 1099 136 1138 esse
150 1099 167 1138 a
180 1099 281 1156 poena,
303 1075 390 1137 imino
404 1080 439 1138 ob
453 1079 534 1137 issam
554 1079 646 1156 ipsam
666 1079 857 1155 ignorantiam
880 1101 940 1140 esse
954 1082 1028 1158 plec-

69 1181 195 1240 tendos:
218 1199 276 1240 non
297 1185 394 1240 autem
417 1181 613 1256 plecterentur
635 1183 669 1240 ob
691 1181 883 1256 ignorantiam
896 1182 954 1240 nisi
968 1183 1031 1241 vin·

69 1282 191 1342 oibilem
207 1306 216 1354 3
236 1283 384 1342 vincibilis
397 1302 465 1341 vcro
478 1303 536 1340 non
560 1287 642 1355 esset,
660 1285 716 1340 nisi
730 1287 850 1359 possent
864 1303 1032 1358 cognoscere

69 1382 213 1442 veritates
236 1382 277 1441 sic
300 1381 460 1458 ignoratas:
484 1383 527 1453 20,
554 1383 660 1441 directe
684 1387 713 1442 et
737 1383 842 1442 diserto
865 1383 1032 1444 affirmando

71 1481 261 1542 existentiam
283 1485 313 1542 et
336 1483 480 1542 attributa
508 1483 564 1541 Dei
588 1483 658 1542 adeo
682 1483 767 1559 plane
788 1503 826 1541 ex
849 1483 903 1542 hoc
924 1483 1032 1541 mundo

71 1586 245 1663 aspectabili
268 1586 367 1662 colligi
390 1606 482 1662 posse,
508 1591 542 1645 ut
565 1587 616 1664 qui
639 1587 710 1644 istas
732 1586 868 1646 veritates
899 1587 1033 1664 ignorant

71 1706 143 1744 vere
157 1686 369 1745 inexcusabiles
383 1686 450 1744 sint.

116 1791 165 1844 20.
186 1786 253 1845 Alia
275 1789 343 1846 sunt
366 1787 509 1863 ejusmodi
534 1790 703 1862 argumenta
717 1808 754 1847 ex
770 1787 921 1864 Scriptura
935 1809 942 1846 z
958 1787 979 1846 J
981 1788 1026 1845 ob.

71 1885 180 1946 xxxvi.
196 1891 249 1958 253
272 1887 399 1964 Sapient.
414 1887 479 1947 xiii.
497 1891 523 1960 l,
541 1894 577 1960 53
600 1889 683 1947 Rom.
706 1889 737 1948 ii.
758 1891 802 1962 14,
824 1893 878 1962 153
903 1893 952 1948 &a

368 2119 544 2196 Arpumeutu
558 2139 589 2178 ea
603 2119 748 2178 Patribus.

117 2281 167 2335 21.
192 2281 211 2310 ‘⁴
223 2276 288 2336 Hoc
301 2276 397 2353 ipsum
419 2277 515 2336 omnia
535 2283 721 2353 cognoscunt,
739 2279 854 2355 quaudo
868 2277 940 2336 ratio
955 2296 1034 2335 rnen-

73 2374 157 2432 tibus
180 2371 272 2432 infixa
294 2381 408 2431 moveat
428 2393 470 2445 ea,
496 2377 525 2432 ct
548 2375 657 2432 revelet
678 2375 727 2444 eis,
750 2374 886 2450 quoniam
901 2377 944 2432 est
957 2392 1036 2431 unus

76 2477 168 2546 Deua,
185 2473 315 2533 omnium
328 2473 499 2534 Dominus.'’
522 2477 551 2534 S.
564 2477 712 2545 Ianvmus,
729 2477 749 2533 l.
766 2480 793 2545 2,
809 2495 832 2534 c.
851 2480 878 2547 6,
895 2495 923 2532 n.
943 2479 968 2532 1.

118 2579 167 2633 22.
191 2581 209 2608 “
222 2576 293 2644 Quis
315 2574 451 2650 ambigat,
471 2575 546 2634 hanc
570 2575 742 2651 sapientiam
763 2573 815 2655 [de
829 2594 886 2651 qua
900 2573 1034 2632 Ecclesia.

75 2669 163 2729 xxiv.
181 2675 208 2740 5,
224 2669 290 2749 llic]
302 2671 429 2728 humano
444 2670 542 2746 generi
556 2671 592 2728 ad
607 2671 772 2746 temporalis
786 2673 852 2728 vitae
865 2671 1033 2739 utilitatem,

76 2789 116 2828 ex
131 2771 241 2827 naturae
256 2790 273 2828 a
287 2771 348 2828 Deo
362 2771 484 2829 conditae
495 2790 642 2846 superesse
655 2770 811 2847 reliquiis?
846 2769 878 2828 Si
892 2769 969 2827 euim
983 2789 1036 2827 nec

76 2871 116 2928 ad
129 2871 187 2928 ista
200 2874 312 2930 terrena
326 2871 637 2930 ordinandaratioualis
652 2871 741 2930 animi
749 2872 859 2946 vigeret
874 2869 1033 2947 ingenium,

74 2986 136 3026 non
149 2966 254 3026 vitiata
274 2968 408 3026 essetsed
422 2968 553 3026 extincta
574 2968 707 3027 natura.”
747 2969 776 3027 S.
793 2970 933 3038 Paosrxa,
949 2966 1036 3025 Liber

77 3070 180 3127 contra
193 3067 366 3141 collatorem,
383 3088 408 3128 o.
427 3073 471 3139 10,
487 3073 560 3126 n.'3.

120 3173 168 3226 23.
193 3167 338 3228 “Stultus
351 3169 383 3226 in
397 3169 480 3228 corde
495 3188 546 3226 suo
560 3169 640 3240 dicit,
667 3170 713 3228 ‘N
715 3189 751 3228 on
772 3175 816 3228 est
837 3170 916 3226 Deus
927 3169 944 3240 ;’
966 3167 1036 3244 qaia

78 3272 216 3332 si'vellct
238 3273 334 3332 verbis
356 3273 412 3331 oris
434 3273 487 3330 hoc
512 3273 617 3349 eloqui,
644 3273 753 3332 stultus
777 3293 846 3344 csse,
873 3273 959 3331 sicuti
983 3279 1035 3344 est,

79 3373 192 3450 publici
206 3393 337 3434 assensus
353 3373 465 3450 judicio
486 3379 663 3448 argueretur.
706 3374 778 3439 Quis
798 3374 876 3432 enim
897 3373 1038 3431 mundum

80 3478 223 3534 contuens
236 3475 331 3534 Deum
345 3494 405 3534 esse
419 3495 477 3534 non
491 3475 598 3534 sentiat
608 3475 640 3534 ?'’
664 3478 694 3534 S.
711 3475 868 3546 Hrnrarus,
885 3475 916 3533 in
930 3473 1037 3534 Psalm.

80 3574 125 3632 lii.
141 3594 171 3632 n.
187 3580 215 3632 2.

123 3681 170 3735 24.
193 3677 375 3754 “Interroga
395 3677 545 3748 mundum,
569 3680 700 3736 ornatum
721 3676 796 3749 coeli,
819 3675 961 3752 fulgorem
982 3674 1039 3734 dis-
