2402 4292
179 393 240 458 288
544 389 601 456 Da
622 388 754 456 Gratia.
950 393 1057 478 [omn.
1074 414 1145 462 arn.

177 556 332 630 voluntati,
348 559 409 628 aut,
426 556 451 616 si
465 556 507 617 ita
519 555 602 634 loqui
622 558 666 616 fas
686 557 1147 638 ast‚jaatav01untatemposiu

178 659 263 736 eique
276 660 444 719 extrinsecus
459 659 613 737 applicata,
638 661 672 718 ut
688 657 783 735 ipsam
801 658 890 736 juvet
904 663 935 720 et
950 665 1104 721 sustentet
1116 663 1146 720 in

179 779 264 837 opere
288 758 474 836 perficiendo.
526 758 612 818 Tales
637 763 796 836 conceptus
814 760 992 836 praeposteri
1020 767 1146 821 suntet

179 879 264 919 causa
287 859 460 936 multiplicis
486 858 674 918 contusionis.
724 858 827 918 Gratia
851 859 946 934 igitur
970 860 1144 920 infunditur

179 959 355 1022 intrinsecus
364 959 504 1020 etintime
517 958 624 1018 nostris
634 955 746 1016 viribus
760 977 794 1016 ac
808 958 1015 1032 facultatibus,
1032 981 1144 1039 suaque

177 1060 242 1120 luce
256 1079 288 1119 ao
301 1059 400 1135 vigore
423 1077 471 1118 eas
495 1058 614 1135 penitus
633 1056 750 1130 imbuit,
763 1058 806 1116 a'to
820 1062 853 1116 at
863 1059 936 1117 virsa
952 1061 1143 1138 praticafiont

179 1160 251 1220 vires
266 1157 527 1235 spatiamentum.
569 1157 674 1234 Neque
694 1156 757 1233 jam
778 1158 875 1232 gratia
895 1161 940 1218 est
960 1167 1141 1237 supernatu-

178 1261 239 1320 rale
251 1258 430 1338 principium
443 1257 595 1336 rapinatim
608 1275 729 1336 operans
750 1275 818 1315 oum
838 1259 971 1318 natarat
983 1260 1139 1339 principio,

178 1361 229 1420 sed
241 1378 333 1418 unum
343 1358 379 1416 fit
392 1377 459 1417 cum
472 1357 624 1416 voluntate
644 1359 744 1417 nostra
760 1359 1005 1434 compriaespium.
1049 1361 1140 1420 Actus

178 1459 301 1538 proinde
324 1458 464 1518 salutares
485 1456 722 1516 necafaoultate
748 1457 868 1516 seorsim
890 1458 1030 1518 eliciendi
1055 1468 1138 1519 amnt

180 1579 234 1620 neo
248 1557 368 1636 agretia
382 1555 517 1629 seorsim;
539 1556 589 1616 sed
603 1575 620 1614 a
634 1555 728 1631 gratia
742 1566 882 1632 operante
895 1557 927 1616 in
941 1559 1095 1632 facultate,
1107 1565 1137 1618 ut

180 1664 247 1721 aeta
260 1659 374 1718 imbuta
386 1657 560 1716 intrinsecus
579 1656 679 1730 vigore
699 1656 809 1731 gratim,
825 1659 856 1714 et
869 1675 923 1733 per
935 1677 1006 1716 eum
1026 1660 1136 1718 elevata

179 1765 209 1822 et
222 1762 354 1820 roborata
367 1757 461 1836 quoad
474 1757 551 1834 ipsos
565 1760 647 1815 aetus
658 1755 791 1815 edendos.
833 1757 875 1816 Et
889 1757 965 1817 sicut
979 1759 1048 1818 illos
1059 1769 1136 1818 actus

182 1861 321 1920 salutares
335 1859 523 1934 ederepotest
542 1856 688 1928 voluntas,
706 1875 739 1914 eo
753 1857 832 1932 quod
846 1857 924 1915 vires
938 1859 1041 1932 gratim
1054 1859 1134 1917 factae

181 1965 250 2020 sunt
262 1959 340 2018 vires
354 1957 447 2036 ipsius
460 1955 629 2027 voluntatis,
652 1955 695 2014 ita
716 1958 754 2027 et,
777 1956 848 2032 quia
861 1957 957 2016 libera
971 1963 1025 2028 est,
1039 1963 1133 2018 actum
1194 1985 1195 1996 ¹

179 2059 312 2118 omittere
326 2062 430 2135 potest,
447 2060 477 2116 et
488 2055 589 2132 gratiae
603 2055 659 2131 ipsi
673 2053 835 2114 resistere.''

221 2162 288 2218 118.
312 2159 361 2216 Ad
376 2159 451 2217 hano
464 2177 526 2216 rem
539 2156 744 2215 illustrandam
759 2155 985 2216 similitudinem
1001 2161 1096 2235 aptam
1106 2165 1131 2217 et

180 2259 391 2320 accomodatam
413 2277 450 2316 ex
470 2275 555 2333 opere
568 2255 606 2313 D.
623 2255 740 2314 Orsoua
759 2255 795 2314 de
816 2255 918 2314 Gratia
938 2259 1060 2318 Actuali
1073 2278 1129 2336 pro·
1192 2313 1193 2330 ,

180 2358 250 2420 ierit
262 2358 311 2417 hio
324 2361 424 2416 auctor
434 2362 506 2416 :-“
515 2354 583 2414 Non
597 2354 697 2431 pigeat
716 2353 921 2413 similitudinis
936 2353 1001 2415 loco
1014 2357 1129 2416 memin-

178 2459 235 2520 isse
250 2456 415 2534 sampsonis
428 2453 548 2528 brachii,
565 2454 645 2532 quod
664 2457 740 2512 certe
759 2473 818 2512 non
834 2455 942 2514 habuit
956 2458 1128 2517 assistentem

181 2558 237 2618 sibi
250 2558 332 2618 velut
346 2554 525 2616 extrinsecus
537 2552 806 2630 praeternaturalem
825 2553 966 2630 vigorem,
982 2576 1041 2632 quo
1052 2577 1127 2632 urge-

180 2664 262 2720 retur
276 2659 312 2718 ad
327 2676 392 2716 suos
406 2659 495 2724 actus,
512 2655 562 2714 sed
576 2674 608 2712 eo
622 2653 797 2712 intrinsecus
808 2659 872 2740 erat
892 2656 1051 2731 imbutum,
1065 2658 1128 2716 sicat

183 2759 326 2820 traebiam
337 2757 465 2834 casiasque
478 2753 614 2814 imbuitur
625 2772 677 2812 aaa
690 2751 820 2812 naturali
828 2754 942 2816 virtute.
984 2757 1070 2817 Unde
1083 2777 1127 2816 neo

160 2897 168 2921 a
181 2861 286 2935 agebat
299 2876 426 2916 seorsum
440 2859 492 2914 aut
505 2855 587 2930 vigor
600 2855 650 2912 aut
660 2852 819 2926 brachium,
833 2855 884 2912 sed
896 2874 991 2914 unum
1005 2876 1044 2916 ex
1056 2863 1126 2915 utro-

181 2979 237 3036 que
251 2955 490 3033 oomprincipium
509 2954 680 3024 habebatur,
696 2953 773 3030 quod
787 2953 905 3012 edendis
919 2958 1001 3016 mirae
1022 2957 1124 3015 fortitu-

181 3057 259 3118 dinis
272 3056 412 3135 prodigiis
432 3058 495 3114 erat
513 3056 703 3130 coaequatum,
727 3053 802 3112 siout
820 3054 966 3131 cujusque
986 3057 1125 3114 brachium

182 3160 219 3219 ad
230 3175 395 3218 communes
403 3159 483 3212 aotus
493 3152 668 3212 exercendos
675 3145 1019 3229 proportionemhabct.”
1043 3157 1127 3232 (Opus

181 3260 258 3320 illud
269 3260 387 3320 essem
401 3274 460 3313 non
472 3254 543 3324 vidi,
560 3256 599 3327 et,
616 3253 671 3312 etsi
685 3253 841 3330 diligenter
854 3255 1046 3332 exquisitum,
1061 3276 1125 3316 com·

181 3378 282 3438 parare
296 3376 354 3415 non
368 3353 473 3432 potui.)
735 3363 751 3400 ²

225 3463 289 3518 119.
311 3456 368 3516 Sed
381 3455 452 3528 haec,
474 3456 509 3512 ut
528 3450 694 3530 specimina,
718 3453 868 3514 sufficiant.
910 3454 1023 3515 Oeterae
1044 3457 1126 3534 objec-

183 3557 277 3618 tiones
291 3576 327 3618 ex
341 3553 495 3632 principiis
508 3553 540 3611 in
553 3553 607 3611 hao
629 3551 827 3629 disputatione
841 3558 871 3614 et
884 3555 916 3612 in
931 3555 997 3614 aliis
1017 3557 1126 3634 sparsim

185 3656 271 3732 datis,
293 3653 454 3734 praesertim
478 3654 506 3715 d.
532 3653 558 3726 7,
579 3650 664 3713 facile
684 3653 758 3714 solvi
777 3657 907 3731 possunt.
948 3656 1030 3719 Nota
1043 3661 1126 3718 auhn
