2410 4314
78 447 162 493 nrsr.
180 426 246 510 111.]
294 423 349 488 De
367 422 489 488 Granis
503 421 663 488 elevante:
684 421 832 508 positive.
997 445 1032 507 71

78 593 125 652 via
143 592 245 669 gratiae
266 591 303 650 ad
315 591 368 649 has
388 589 543 669 qualitates
561 589 729 666 gignendae,
746 609 833 669 quam
853 610 1037 670 nequaquam

78 693 194 771 assequi
208 693 330 769 possunt
344 691 419 750 vires
432 689 588 750 naturales.
616 689 715 750 Dahis
725 690 822 750 tribus
833 693 1036 768 propositioni-

77 795 133 852 bus
146 793 270 864 nullum,
285 795 320 851 ut
333 789 407 850 mihi
427 790 553 864 videtur,
570 790 691 850 dubium
705 789 814 850 moveri
827 795 932 868 potest.
980 793 1036 854 Sed

77 892 202 970 quaestio
216 897 260 952 est
283 891 326 962 4⁰,
341 911 378 950 an
400 891 463 950 dari
476 890 568 967 possit
583 890 655 949 fides
674 889 815 949 naturalis
835 910 901 968 quae
921 911 988 952 vere
1007 900 1037 954 et

76 993 194 1071 propria
208 992 278 1051 fides
292 995 343 1063 est,
356 990 411 1051 etsi
425 991 540 1049 omnino
551 989 668 1059 sterilis,
679 993 709 1049 et
722 1010 755 1048 ea
766 989 940 1051 certitudine
953 992 1036 1052 firma

75 1099 109 1153 et
130 1095 265 1153 constans
286 1096 338 1164 est,
355 1109 421 1169 quae
443 1089 555 1150 elevata
576 1109 594 1149 a
613 1089 711 1166 gratia
727 1089 869 1150 sufficeret
892 1092 929 1150 ad
948 1091 1036 1152 fidem

76 1191 345 1270 supernaturalem
368 1206 434 1268 quae
454 1191 529 1251 esset
542 1189 614 1249 fides
627 1189 769 1249 naturalis
783 1209 800 1248 a
821 1193 1036 1268 supernaturali

76 1315 136 1353 non
151 1293 245 1371 quoad
265 1290 457 1351 substantiam
470 1289 521 1350 sed
540 1291 636 1368 quoad
656 1290 773 1349 modum
793 1291 910 1350 tanturn
931 1292 1034 1353 discre-

77 1393 177 1472 pans?
230 1392 291 1451 Hio
312 1390 376 1451 nihi
396 1389 514 1450 videtur
536 1409 597 1450 esse
620 1409 706 1449 verus
731 1407 830 1449 sensus
857 1391 1034 1468 quaestionis,

75 1514 166 1573 quem
187 1492 330 1569 significat
351 1491 464 1551 Sonam
485 1489 523 1570 (c.
540 1494 568 1561 5,
583 1487 611 1548 n.
630 1489 669 1567 l),
683 1489 806 1567 'loquens
827 1490 862 1550 dc
882 1495 950 1550 actu
967 1491 1036 1552 fidei

60 1594 262 1664 ¹Christianae,
280 1597 299 1627 “
309 1612 366 1669 quo
376 1589 543 1652 intellectus
557 1589 649 1650 debita
663 1589 837 1650 certitudine
852 1590 943 1652 credit
957 1594 1035 1670 quod

35 1691 46 1702 ’
75 1697 158 1756 Deus
171 1693 342 1754 revelavit.”
848 1771 851 1776 Ι

116 1795 185 1856 ⁴¹32.
208 1791 369 1861 Quaestioni
384 1791 424 1851 sic
438 1791 592 1870 propositae
608 1790 821 1868 responsionem
835 1791 1034 1853 affirmativam

74 1897 196 1975 quidam
216 1896 343 1971 theologi
364 1894 492 1954 censuris
504 1897 651 1953 notarunt.
707 1894 763 1954 Sed
778 1893 890 1954 Susam
906 1895 989 1974 (ibid.
1005 1903 1034 1956 et

74 2019 105 2058 n.
122 1997 164 2076 2),
185 1994 377 2074 rejectisistis
392 1992 519 2055 censuris
533 1997 563 2053 et
577 1993 860 2071 exaggerationibus,
876 1993 948 2055 dicit
971 2015 1033 2056 sen·

74 2097 199 2159 tentiam
217 2099 370 2173 negantem
388 2115 449 2155 esse
469 2114 649 2154 communem
663 2095 695 2153 in
709 2095 806 2154 schola
823 2095 1031 2173 theologorum,

76 2183 306 2258 verisimiliorem
329 2199 359 2254 et
379 2195 487 2255 divinae
511 2195 664 2271 theologiae
680 2195 773 2272 magis
801 2199 1031 2256 consentaneam.

73 2298 160 2378 (vid.
172 2300 203 2358 et
215 2297 356 2369 Vasoura,
369 2297 475 2372 (1.,187,
488 2315 516 2355 n.
532 2301 558 2368 5,
573 2296 615 2374 6.)
657 2296 748 2355 Tenet
758 2315 825 2374 ergo
840 2295 951 2375 (ibid),
967 2316 1033 2356 cunr

72 2386 221 2458 'communi
235 2395 389 2470 sententia,
405 2395 548 2474 ejusmodi
562 2399 660 2454 actum
670 2395 740 2455 fidei
755 2397 1032 2474 “supernaturalem

72 2500 106 2559 in
120 2498 284 2558 substantia
296 2517 366 2570 esse,
378 2497 500 2574 ideoque
514 2495 606 2555 alium
621 2495 745 2555 similem
758 2495 790 2555 in
804 2497 927 2556 entitate
941 2497 1032 2574 speei-

74 2601 131 2659 fica
151 2598 292 2684 fierinon
311 2617 395 2676 posse
413 2615 465 2674 per
485 2583 559 2656 solas
578 2595 655 2656 vires
668 2595 815 2656 naturales
833 2595 1031 2655 intellectus.''

73 2699 153 2759 Cedo
167 2697 335 2759 auctoritati
355 2697 571 2774 theologorum:
596 2697 643 2757 sed
658 2704 830 2773 argumenta
843 2698 878 2755 ab
893 2695 930 2753 iis
944 2695 1032 2754 allata

72 2800 150 2860 mihi
170 2819 354 2879 nequaquam
377 2801 461 2860 firma
482 2805 560 2872 sunt,
575 2817 629 2858 nec
651 2817 697 2857 me
721 2816 891 2874 persuasum
913 2796 1032 2857 hahent.

71 2901 131 2960 Pro
144 2904 226 2979 parte
246 2900 406 2959 affirmante
425 2898 484 2960 rid.
498 2899 632 2971 nourr,
654 2897 818 2970 Concordia,
834 2916 861 2975 q.
879 2900 924 2969 14,
941 2917 966 2956 a.
986 2901 1029 2959 13.

74 3000 105 3059 d.
122 3003 148 3064 7.
401 3007 403 3012 '

114 3107 162 3162 33.
192 3103 236 3161 De
257 3100 383 3161 secunda
405 3098 600 3178 propositione
623 3098 687 3158 haeo
711 3097 832 3156 dicenda
860 3100 936 3158 sunt.
989 3097 1057 3158 10.‘

72 3201 217 3269 Quoniam
227 3200 482 3279 semipelagianum
493 3201 537 3260 est
547 3199 686 3259 affirmare
697 3197 889 3258 initiumfidei
897 3196 1032 3257 salutaris

71 3321 157 3380 posse
171 3321 232 3361 esse
246 3302 308 3362 sine
328 3301 431 3378 gratia,
447 3320 515 3377 ergo
533 3300 609 3360 clare
623 3301 653 3358 et
673 3300 750 3358 certo
772 3297 1030 3375 semipelagianum

70 3403 148 3462 esset
168 3403 308 3461 affirmare
328 3402 421 3479 ipsam
434 3401 615 3461 voluntatem
629 3398 774 3470 credendi,
791 3417 855 3474 qua
868 3407 912 3457 est
928 3397 1030 3456 ultima

70 3522 138 3581 pars
151 3501 231 3560 initii
245 3501 314 3562 fidei
327 3505 357 3561 et
376 3503 511 3579 proxima
530 3497 679 3577 dispositio
700 3498 737 3556 ad
756 3497 853 3570 fidem,
870 3515 931 3556 essa
948 3515 1030 3573 posse

69 3603 133 3662 sine
154 3601 257 3678 gratia
308 3602 350 3660 20.
380 3601 481 3661 “Dico
504 3601 637 3671 secundo,
659 3618 717 3657 non
732 3597 826 3656 solum
847 3596 1029 3655 voluntatem

69 3701 218 3774 credendi,
239 3701 289 3760 sed
309 3700 397 3761 etiam
417 3700 536 3762 initium
551 3697 711 3759 voluntatis
726 3715 785 3757 asae
800 3715 837 3756 ex
857 3693 960 3772 gratia,
978 3713 1027 3752 seu
