2424 4300
79 443 175 494 mse.
194 423 255 511 vn]
304 427 359 491 De
377 423 497 491 Gratia
512 423 605 491 Med.
621 423 910 514 deffleat—aeg.
986 431 1041 493 181

80 593 237 665 sacrificii,
254 593 285 650 in
298 593 497 670 peccatoribus
518 593 723 654 abominabilia
743 600 819 666 sant,
832 601 940 672 quanto
954 592 1046 669 magis

80 693 145 752 alia
161 691 272 770 opera?

126 795 180 854 76.
201 795 285 868 Rcap,
307 791 346 850 In
360 791 473 852 duobus
498 811 584 870 opera
605 792 666 866 illa,
689 791 745 852 etsi
758 792 790 852 in
804 813 833 854 se
848 794 918 854 adeo
931 793 1014 862 bona,
1030 812 1046 851 a

80 897 101 956 J
104 893 205 954 udaeis
225 893 290 952 istis
303 893 380 953 facta
400 897 471 953 sunt
491 913 581 973 prava
595 899 625 953 et
637 893 852 970 peccaminosa:
880 895 919 967 10,
935 893 1004 970 quia
1014 912 1047 952 ca

81 1012 179 1070 opera
193 990 347 1064 faciebant,
363 1010 421 1049 non
436 991 566 1067 deposita
586 990 774 1050 inclinatione
794 991 885 1052 animi
898 991 934 1049 ad
947 1010 1046 1068 pecca·

83 1101 173 1166 tum;
199 1089 240 1164 2⁰,
256 1091 335 1169 quia,
360 1111 413 1168 per
435 1112 559 1150 errorem
582 1112 692 1152 summe
706 1092 880 1169 culpabilem
902 1097 932 1150 et
951 1091 1045 1168 perni-

82 1192 212 1264 ciosum,
235 1193 378 1268 putabant
400 1211 453 1250 sua
476 1197 597 1269 peccata
623 1212 675 1268 per
698 1192 847 1265 sacrificia,
875 1195 934 1264 da,
959 1191 1045 1250 etiarn

85 1297 209 1351 servata
230 1291 283 1350 illa
304 1291 381 1350 mula
404 1291 602 1364 inclinatione,
619 1311 679 1351 esse
693 1292 826 1365 remissa;
848 1292 907 1350 imo
921 1311 950 1350 se
964 1311 1046 1368 posse

85 1393 215 1470 impune
241 1390 273 1450 in
295 1391 439 1468 peccando
460 1410 652 1468 perseverare.
709 1391 765 1450 Sed
789 1392 861 1450 bene
888 1394 1048 1469 potuerunt

85 1487 179 1547 istam
202 1507 322 1565 pravam
354 1487 574 1548 inclinationem
598 1493 628 1548 et
653 1488 740 1548 istam
760 1490 863 1549 falsam
884 1493 1046 1568 opinionem

86 1586 227 1665 abjicere,
243 1591 273 1647 et
287 1587 336 1661 sic,
348 1594 425 1646 'cnm
445 1587 547 1664 gratia,
570 1607 656 1665 opera
676 1587 822 1662 salutaria,
839 1589 946 1667 quibus
961 1591 1046 1649 etiam

87 1687 125 1746 ad
141 1687 386 1765 justificationem
408 1689 641 1765 perducerentur,
667 1695 810 1766 praestare.
859 1691 932 1750 Haec
952 1690 1049 1748 omnia

88 1795 228 1850 constant
245 1787 539 1863 1⁰,extextu1saiae‚
555 1809 629 1849 vers.
650 1795 693 1864 15,
712 1793 761 1850 &a
776 1797 845 1850 :—“
858 1791 931 1851 Cum
945 1795 1046 1851 exten·

88 1889 197 1950 deritis
221 1910 324 1949 manus
347 1894 465 1961 vestras,
486 1895 614 1950 avertam
638 1891 735 1950 oculos
756 1911 833 1951 moos
857 1891 997 1951 anobis:
1019 1895 1048 1950 et

89 2009 159 2048 cum
184 1989 453 2068 multiplicaveritis
477 1991 644 2063 orationem,
668 2011 726 2049 non
753 1991 931 2052 exaudiam:
952 2009 1049 2050 manus

90 2091 166 2150 euim
180 2095 277 2152 aeatrca
290 2079 423 2168 scopatae
438 2089 505 2171 [ie.
525 2089 658 2171 peccato]
667 2091 758 2167 plena
771 2102 843 2152 aaut.
885 2090 1046 2164 Lavamini,

91 2191 200 2250 mundi
211 2195 301 2251 estote
304 2234 432 2250 .....
453 2191 565 2250 Discite
575 2192 751 2262 benefacere,
764 2191 885 2269 quaerite
891 2191 1047 2271 judicium,

91 2291 249 2351 subvenite
264 2311 405 2369 oppresso,
417 2291 558 2369 judicate,
576 2291 723 2351 defendite
743 2293 879 2352 viduam:
903 2299 933 2352 ct
941 2293 1047 2365 venite,

92 2395 122 2450 et
148 2391 264 2468 arguite
282 2412 337 2465 me,
361 2391 433 2450 dicit
457 2382 621 2451 Dominus:
644 2392 668 2450 si
689 2392 800 2452 fuerint
818 2397 934 2470 peccata
953 2397 1050 2452 vestra

91 2495 126 2552 ut
140 2493 301 2565 coccinum,
326 2493 409 2570 quasi
422 2492 475 2551 nix
489 2493 702 2552 dealbabuntur
712 2495 740 2552 :'’
756 2497 805 2553 &a
849 2493 990 2554 Constant
1004 2491 1047 2567 2⁰,

94 2613 130 2651 ex
152 2594 217 2653 loco
241 2595 377 2672 parallelo
401 2595 506 2654 Jerem.
520 2593 571 2655 vii.
587 2599 614 2668 3,
633 2595 867 2654 &cz-“Bonas
887 2595 974 2654 facite
988 2595 1050 2653 vias

93 2702 207 2756 vestras
222 2701 251 2756 et
265 2696 362 2757 studia
375 2701 490 2756 rostra:
513 2704 543 2755 et
557 2696 692 2755 habitabo
706 2696 856 2754 vobiscum
866 2696 898 2754 in
911 2696 973 2755 loco
984 2696 1049 2755 isto.

95 2794 198 2856 Nolite
220 2797 362 2856 confidere
379 2796 410 2854 in
433 2795 529 2855 verbis
552 2795 705 2869 mendacii,
729 2795 876 2856 dicentes:
908 2797 1048 2874 templum

96 2897 225 2971 Domini,
236 2899 379 2977 templum
389 2899 518 2973 Domini,
530 2899 671 2977 templum
680 2899 799 2958 Domini
813 2903 865 2959 est.
907 2899 1050 2966 Quoniam

98 2999 210 3060 sibene
226 3001 392 3061 direxeritis
406 3001 468 3061 vias
482 3006 593 3061 vestras
607 3007 637 3061 et
651 3001 869 3062 studiavestra:
887 3002 911 3061 si
924 3003 1051 3062 feceritis

95 3102 240 3176 judicium
250 3104 325 3162 inter
339 3103 434 3162 virum
449 3109 478 3163 et
491 3103 657 3181 proximum
678 3103 749 3182 ejus,
765 3105 883 3164 advenae
895 3110 924 3164 et
937 3105 1050 3182 pupillo

99 3205 128 3260 et
141 3202 239 3262 viduae
259 3223 317 3262 non
331 3203 457 3262 feceritis
478 3203 662 3276 calumniam,
687 3249 693 3262 .
716 3246 724 3262 .
746 3248 753 3263 .
777 3247 783 3261 .
805 3204 941 3262 habitabo
955 3206 1048 3262 vobis·

99 3317 165 3358 eum
179 3301 210 3359 in
225 3301 286 3359 loco
300 3301 355 3358 isto
359 3344 486 3360 .....
508 3301 583 3358 Ecce
594 3319 644 3358 vos
658 3298 803 3360 confiditis
812 3300 893 3358 vobis
904 3301 933 3358 in
946 3321 1049 3359 sermo·

98 3396 185 3458 nibus
208 3400 359 3472 mendacii,
388 3399 439 3477 qui
462 3419 521 3458 non
544 3401 703 3476 proderunt
733 3399 823 3471 vobis,
846 3400 946 3472 furari,
976 3401 1049 3459 occi-

99 3496 175 3571 dere,
193 3503 242 3558 dte.
266 3542 273 3560 .
298 3544 304 3557 .
326 3543 333 3559 .
351 3546 357 3560 .
379 3499 418 3558 Et
431 3500 552 3558 venistis
567 3505 596 3559 et
610 3499 733 3558 stetistis
752 3519 847 3557 coram
862 3519 907 3558 me
920 3499 952 3558 in
966 3500 1050 3558 domo

99 3594 159 3671 hac,
176 3599 207 3658 in
221 3620 278 3677 qua
291 3600 459 3659 invocatum
471 3605 514 3660 est
527 3620 630 3660 nomen
652 3619 758 3672 meum,
774 3603 804 3658 et
818 3599 935 3658 dixistis
951 3618 958 3657 ε
978 3599 1049 3657 libc-

99 3701 155 3759 rati
182 3723 283 3763 sumus
308 3725 341 3764 eo
369 3705 447 3782 quod
476 3703 512 3784 [i.
536 3724 560 3764 e.
588 3699 737 3780 quamvis]
772 3702 927 3761 fecerimus
954 3721 1051 3760 ornnes
