<?xml version="1.0" encoding="UTF-8"?>
<!DOCTYPE html PUBLIC "-//W3C//DTD XHTML 1.0 Transitional//EN"
    "http://www.w3.org/TR/xhtml1/DTD/xhtml1-transitional.dtd">
<html xmlns="http://www.w3.org/1999/xhtml" xml:lang="en" lang="en">
 <head>
  <title>
</title>
<meta http-equiv="Content-Type" content="text/html;charset=utf-8" />
  <meta name='ocr-system' content='tesseract 3.04.00' />
  <meta name='ocr-capabilities' content='ocr_page ocr_carea ocr_par ocr_line ocrx_word'/>
</head>
<body>
  <div class='ocr_page' id='page_1' title='image "./tractatusdegrat00murrgoog_0098.png"; bbox 0 0 2410 4314; ppageno 0'>
   <div class='ocr_carea' id='block_1_1' title="bbox 85 378 1032 470">
    <p class='ocr_par' dir='ltr' id='par_1_1' title="bbox 85 378 1032 470">
     <span class='ocr_line' id='line_1_1' title="bbox 85 378 1032 470; baseline 0.006 -26"><span class='ocrx_word' id='word_1_1' title='bbox 85 401 166 446; x_wconf 77' lang='lat' dir='ltr'>mse.</span> <span class='ocrx_word' id='word_1_2' title='bbox 185 378 253 470; x_wconf 89' lang='lat'><em>111.]</em></span> <span class='ocrx_word' id='word_1_3' title='bbox 299 383 354 447; x_wconf 87' lang='lat' dir='ltr'>De</span> <span class='ocrx_word' id='word_1_4' title='bbox 372 382 493 448; x_wconf 69' lang='lat' dir='ltr'>Grates</span> <span class='ocrx_word' id='word_1_5' title='bbox 509 383 669 449; x_wconf 74' lang='lat' dir='ltr'><em>elevante:</em></span> <span class='ocrx_word' id='word_1_6' title='bbox 689 386 836 469; x_wconf 72' lang='lat' dir='ltr'>posttzoe.</span> <span class='ocrx_word' id='word_1_7' title='bbox 926 407 929 416; x_wconf 62' lang='lat'><em>⁴</em></span> <span class='ocrx_word' id='word_1_8' title='bbox 967 391 1032 468; x_wconf 83' lang='lat'>&#39;83</span> 
     </span>
    </p>
   </div>
   <div class='ocr_carea' id='block_1_2' title="bbox 73 547 1034 1322">
    <p class='ocr_par' dir='ltr' id='par_1_2' title="bbox 73 547 1034 1322">
     <span class='ocr_line' id='line_1_2' title="bbox 78 547 1034 629; baseline 0.006 -26"><span class='ocrx_word' id='word_1_9' title='bbox 78 547 209 606; x_wconf 89' lang='lat' dir='ltr'>omnibus</span> <span class='ocrx_word' id='word_1_10' title='bbox 222 547 329 622; x_wconf 82' lang='lat' dir='ltr'>pariter</span> <span class='ocrx_word' id='word_1_11' title='bbox 342 567 444 607; x_wconf 79' lang='lat' dir='ltr'>verum</span> <span class='ocrx_word' id='word_1_12' title='bbox 455 553 507 620; x_wconf 89' lang='lat' dir='ltr'>est,</span> <span class='ocrx_word' id='word_1_13' title='bbox 520 569 632 626; x_wconf 84' lang='lat' dir='ltr'>nempe,</span> <span class='ocrx_word' id='word_1_14' title='bbox 645 571 692 610; x_wconf 91' lang='lat' dir='ltr'>eos</span> <span class='ocrx_word' id='word_1_15' title='bbox 703 552 842 629; x_wconf 80' lang='lat' dir='ltr'>respicere</span> <span class='ocrx_word' id='word_1_16' title='bbox 856 550 986 609; x_wconf 90' lang='lat' dir='ltr'>homiues</span> <span class='ocrx_word' id='word_1_17' title='bbox 999 559 1034 609; x_wconf 90' lang='lat' dir='ltr'>ut</span> 
     </span>
     <span class='ocr_line' id='line_1_3' title="bbox 78 646 1030 726; baseline 0.005 -24"><span class='ocrx_word' id='word_1_18' title='bbox 78 646 135 703; x_wconf 90' lang='lat' dir='ltr'>suis</span> <span class='ocrx_word' id='word_1_19' title='bbox 161 646 272 706; x_wconf 87' lang='lat' dir='ltr'>viribus</span> <span class='ocrx_word' id='word_1_20' title='bbox 293 649 484 720; x_wconf 84' lang='lat' dir='ltr'>naturalibus,</span> <span class='ocrx_word' id='word_1_21' title='bbox 508 669 573 726; x_wconf 78' lang='lat' dir='ltr'>quoe</span> <span class='ocrx_word' id='word_1_22' title='bbox 596 651 730 711; x_wconf 89' lang='lat' dir='ltr'>omnibus</span> <span class='ocrx_word' id='word_1_23' title='bbox 758 669 925 710; x_wconf 89' lang='lat' dir='ltr'>communes</span> <span class='ocrx_word' id='word_1_24' title='bbox 952 656 1030 722; x_wconf 90' lang='lat' dir='ltr'>suut,</span> 
     </span>
     <span class='ocr_line' id='line_1_4' title="bbox 76 744 1032 825; baseline 0.004 -23"><span class='ocrx_word' id='word_1_25' title='bbox 76 744 196 821; x_wconf 81' lang='lat' dir='ltr'>integris</span> <span class='ocrx_word' id='word_1_26' title='bbox 223 750 252 804; x_wconf 88' lang='lat' dir='ltr'>et</span> <span class='ocrx_word' id='word_1_27' title='bbox 275 747 420 823; x_wconf 86' lang='lat' dir='ltr'>expeditis</span> <span class='ocrx_word' id='word_1_28' title='bbox 443 747 609 822; x_wconf 90' lang='lat' dir='ltr'>instructos,</span> <span class='ocrx_word' id='word_1_29' title='bbox 635 753 664 809; x_wconf 92' lang='lat' dir='ltr'>et</span> <span class='ocrx_word' id='word_1_30' title='bbox 686 751 839 809; x_wconf 83' lang='lat' dir='ltr'>manifesto</span> <span class='ocrx_word' id='word_1_31' title='bbox 864 748 1032 825; x_wconf 86' lang='lat' dir='ltr'>significant</span> 
     </span>
     <span class='ocr_line' id='line_1_5' title="bbox 76 843 1029 920; baseline 0.004 -19"><span class='ocrx_word' id='word_1_32' title='bbox 76 843 145 902; x_wconf 84' lang='lat' dir='ltr'>elias</span> <span class='ocrx_word' id='word_1_33' title='bbox 158 850 264 920; x_wconf 84' lang='lat' dir='ltr'>praeter</span> <span class='ocrx_word' id='word_1_34' title='bbox 277 845 342 904; x_wconf 81' lang='lat' dir='ltr'>illos</span> <span class='ocrx_word' id='word_1_35' title='bbox 361 847 437 906; x_wconf 83' lang='lat' dir='ltr'>vires</span> <span class='ocrx_word' id='word_1_36' title='bbox 450 849 625 907; x_wconf 80' lang='lat' dir='ltr'>necessarios</span> <span class='ocrx_word' id='word_1_37' title='bbox 638 869 708 909; x_wconf 91' lang='lat' dir='ltr'>esse.</span> <span class='ocrx_word' id='word_1_38' title='bbox 751 850 794 910; x_wconf 79' lang='lat'>20.</span> <span class='ocrx_word' id='word_1_39' title='bbox 819 850 929 908; x_wconf 84' lang='lat' dir='ltr'>Textus</span> <span class='ocrx_word' id='word_1_40' title='bbox 942 848 961 907; x_wconf 86' lang='lat' dir='ltr'><strong>J</strong></span> <span class='ocrx_word' id='word_1_41' title='bbox 962 868 1029 906; x_wconf 84' lang='lat' dir='ltr'>oon·</span> 
     </span>
     <span class='ocr_line' id='line_1_6' title="bbox 75 941 1032 1025; baseline 0.004 -26"><span class='ocrx_word' id='word_1_42' title='bbox 75 941 120 1000; x_wconf 90' lang='lat' dir='ltr'>nis</span> <span class='ocrx_word' id='word_1_43' title='bbox 144 963 194 1003; x_wconf 83' lang='lat' dir='ltr'>xv.</span> <span class='ocrx_word' id='word_1_44' title='bbox 210 943 315 1004; x_wconf 81' lang='lat' dir='ltr'>diserte</span> <span class='ocrx_word' id='word_1_45' title='bbox 339 946 485 1021; x_wconf 88' lang='lat' dir='ltr'>significat</span> <span class='ocrx_word' id='word_1_46' title='bbox 506 947 651 1006; x_wconf 73' lang='lat' dir='ltr'>auxilium</span> <span class='ocrx_word' id='word_1_47' title='bbox 675 947 798 1025; x_wconf 81' lang='lat' dir='ltr'>speciale</span> <span class='ocrx_word' id='word_1_48' title='bbox 822 967 839 1006; x_wconf 82' lang='lat' dir='ltr'><strong>a</strong></span> <span class='ocrx_word' id='word_1_49' title='bbox 860 946 974 1005; x_wconf 84' lang='lat' dir='ltr'>Christo</span> <span class='ocrx_word' id='word_1_50' title='bbox 998 957 1032 1005; x_wconf 84' lang='lat' dir='ltr'>ut</span> 
     </span>
     <span class='ocr_line' id='line_1_7' title="bbox 74 1043 1030 1122; baseline 0.004 -24"><span class='ocrx_word' id='word_1_51' title='bbox 74 1043 230 1102; x_wconf 81' lang='lat' dir='ltr'>mediatore</span> <span class='ocrx_word' id='word_1_52' title='bbox 252 1049 281 1102; x_wconf 91' lang='lat' dir='ltr'>et</span> <span class='ocrx_word' id='word_1_53' title='bbox 299 1063 383 1103; x_wconf 84' lang='lat' dir='ltr'>causa</span> <span class='ocrx_word' id='word_1_54' title='bbox 404 1045 551 1105; x_wconf 84' lang='lat' dir='ltr'>meritoria</span> <span class='ocrx_word' id='word_1_55' title='bbox 572 1047 782 1106; x_wconf 84' lang='lat' dir='ltr'>derivandum:</span> <span class='ocrx_word' id='word_1_56' title='bbox 805 1046 883 1122; x_wconf 90' lang='lat' dir='ltr'>quod</span> <span class='ocrx_word' id='word_1_57' title='bbox 907 1045 942 1104; x_wconf 89' lang='lat' dir='ltr'>ds</span> <span class='ocrx_word' id='word_1_58' title='bbox 964 1065 1030 1104; x_wconf 88' lang='lat' dir='ltr'>ocu-</span> 
     </span>
     <span class='ocr_line' id='line_1_8' title="bbox 73 1129 1027 1222; baseline 0.004 -23"><span class='ocrx_word' id='word_1_59' title='bbox 73 1160 160 1200; x_wconf 88' lang='lat' dir='ltr'>cursu</span> <span class='ocrx_word' id='word_1_60' title='bbox 174 1143 229 1202; x_wconf 90' lang='lat' dir='ltr'>Dei</span> <span class='ocrx_word' id='word_1_61' title='bbox 241 1145 380 1219; x_wconf 83' lang='lat' dir='ltr'>generali,</span> <span class='ocrx_word' id='word_1_62' title='bbox 396 1145 448 1222; x_wconf 89' lang='lat' dir='ltr'>qui</span> <span class='ocrx_word' id='word_1_63' title='bbox 463 1145 499 1203; x_wconf 85' lang='lat' dir='ltr'>od</span> <span class='ocrx_word' id='word_1_64' title='bbox 513 1165 610 1205; x_wconf 89' lang='lat' dir='ltr'>omnes</span> <span class='ocrx_word' id='word_1_65' title='bbox 624 1129 755 1204; x_wconf 83' lang='lat' dir='ltr'>omnium</span> <span class='ocrx_word' id='word_1_66' title='bbox 770 1149 969 1204; x_wconf 86' lang='lat' dir='ltr'>creaturarum</span> <span class='ocrx_word' id='word_1_67' title='bbox 984 1165 1027 1203; x_wconf 83' lang='lat' dir='ltr'>oo·</span> 
     </span>
     <span class='ocr_line' id='line_1_9' title="bbox 73 1241 845 1322; baseline 0.008 -24"><span class='ocrx_word' id='word_1_68' title='bbox 73 1244 121 1299; x_wconf 89' lang='lat' dir='ltr'>tus</span> <span class='ocrx_word' id='word_1_69' title='bbox 134 1241 314 1301; x_wconf 86' lang='lat' dir='ltr'>necessarius</span> <span class='ocrx_word' id='word_1_70' title='bbox 328 1247 380 1315; x_wconf 90' lang='lat' dir='ltr'>est,</span> <span class='ocrx_word' id='word_1_71' title='bbox 395 1263 581 1321; x_wconf 83' lang='lat' dir='ltr'>nequequam</span> <span class='ocrx_word' id='word_1_72' title='bbox 595 1244 730 1304; x_wconf 83' lang='lat' dir='ltr'>affirmari</span> <span class='ocrx_word' id='word_1_73' title='bbox 744 1247 845 1322; x_wconf 86' lang='lat' dir='ltr'>potest</span> 
     </span>
    </p>
   </div>
   <div class='ocr_carea' id='block_1_3' title="bbox 72 1375 1030 1650">
    <p class='ocr_par' dir='ltr' id='par_1_3' title="bbox 72 1375 1030 1650">
     <span class='ocr_line' id='line_1_10' title="bbox 113 1375 1030 1455; baseline 0.003 -22"><span class='ocrx_word' id='word_1_74' title='bbox 113 1375 167 1453; x_wconf 62' lang='lat'>55.</span> <span class='ocrx_word' id='word_1_75' title='bbox 196 1375 338 1440; x_wconf 74' lang='lat' dir='ltr'>Probatur</span> <span class='ocrx_word' id='word_1_76' title='bbox 360 1377 497 1435; x_wconf 75' lang='lat' dir='ltr'>Doctrina</span> <span class='ocrx_word' id='word_1_77' title='bbox 527 1377 671 1436; x_wconf 67' lang='lat' dir='ltr'>castorea</span> <span class='ocrx_word' id='word_1_78' title='bbox 695 1379 726 1436; x_wconf 82' lang='lat' dir='ltr'>do</span> <span class='ocrx_word' id='word_1_79' title='bbox 748 1378 908 1436; x_wconf 70' lang='lat' dir='ltr'>necestitate</span> <span class='ocrx_word' id='word_1_80' title='bbox 927 1377 1030 1455; x_wconf 73' lang='lat' dir='ltr'>qratic</span> 
     </span>
     <span class='ocr_line' id='line_1_11' title="bbox 72 1475 1029 1554; baseline 0.005 -24"><span class='ocrx_word' id='word_1_81' title='bbox 72 1476 110 1532; x_wconf 76' lang='lat' dir='ltr'>act</span> <span class='ocrx_word' id='word_1_82' title='bbox 132 1475 248 1533; x_wconf 78' lang='lat' dir='ltr'>initium</span> <span class='ocrx_word' id='word_1_83' title='bbox 268 1476 359 1550; x_wconf 75' lang='lat' dir='ltr'>operis</span> <span class='ocrx_word' id='word_1_84' title='bbox 379 1476 512 1536; x_wconf 78' lang='lat' dir='ltr'>soluturis</span> <span class='ocrx_word' id='word_1_85' title='bbox 536 1483 562 1535; x_wconf 88' lang='lat' dir='ltr'>et</span> <span class='ocrx_word' id='word_1_86' title='bbox 578 1479 610 1535; x_wconf 80' lang='lat' dir='ltr'>do</span> <span class='ocrx_word' id='word_1_87' title='bbox 631 1479 789 1554; x_wconf 70' lang='lat' dir='ltr'>proteritate</span> <span class='ocrx_word' id='word_1_88' title='bbox 810 1479 1029 1554; x_wconf 62' lang='lat' dir='ltr'>protectura</span> 
     </span>
     <span class='ocr_line' id='line_1_12' title="bbox 75 1573 321 1650; baseline 0.008 -20"><span class='ocrx_word' id='word_1_89' title='bbox 75 1573 321 1650; x_wconf 70' lang='lat' dir='ltr'>Semtpcloptocos.</span> 
     </span>
    </p>
   </div>
   <div class='ocr_carea' id='block_1_4' title="bbox 71 1707 1028 1882">
    <p class='ocr_par' dir='ltr' id='par_1_4' title="bbox 71 1707 1028 1882">
     <span class='ocr_line' id='line_1_13' title="bbox 111 1707 1028 1783; baseline 0.003 -21"><span class='ocrx_word' id='word_1_90' title='bbox 111 1711 160 1764; x_wconf 78' lang='grc'>64.</span> <span class='ocrx_word' id='word_1_91' title='bbox 190 1707 362 1765; x_wconf 79' lang='lat' dir='ltr'>Psoeosrrlo</span> <span class='ocrx_word' id='word_1_92' title='bbox 381 1708 425 1766; x_wconf 87' lang='lat' dir='ltr'>II.</span> <span class='ocrx_word' id='word_1_93' title='bbox 453 1707 508 1766; x_wconf 75' lang='lat' dir='ltr'>Ad</span> <span class='ocrx_word' id='word_1_94' title='bbox 528 1707 643 1766; x_wconf 78' lang='lat' dir='ltr'>initium</span> <span class='ocrx_word' id='word_1_95' title='bbox 665 1709 752 1766; x_wconf 74' lang='lat' dir='ltr'>rustris</span> <span class='ocrx_word' id='word_1_96' title='bbox 776 1709 867 1783; x_wconf 79' lang='lat' dir='ltr'>operto</span> <span class='ocrx_word' id='word_1_97' title='bbox 893 1707 1028 1768; x_wconf 71' lang='lat' dir='ltr'>solutoris</span> 
     </span>
     <span class='ocr_line' id='line_1_14' title="bbox 71 1805 778 1882; baseline 0.001 -18"><span class='ocrx_word' id='word_1_98' title='bbox 71 1805 191 1864; x_wconf 79' lang='lat' dir='ltr'>obsolute</span> <span class='ocrx_word' id='word_1_99' title='bbox 203 1807 355 1866; x_wconf 78' lang='lat' dir='ltr'>necessario</span> <span class='ocrx_word' id='word_1_100' title='bbox 368 1811 408 1864; x_wconf 81' lang='lat' dir='ltr'>est</span> <span class='ocrx_word' id='word_1_101' title='bbox 420 1807 520 1882; x_wconf 72' lang='lat' dir='ltr'>pretio</span> <span class='ocrx_word' id='word_1_102' title='bbox 533 1806 645 1866; x_wconf 76' lang='lat' dir='ltr'>intorno</span> <span class='ocrx_word' id='word_1_103' title='bbox 663 1807 778 1868; x_wconf 77' lang='lat' dir='ltr'>elevans.</span> 
     </span>
    </p>
   </div>
   <div class='ocr_carea' id='block_1_5' title="bbox 59 1943 1029 3714">
    <p class='ocr_par' dir='ltr' id='par_1_5' title="bbox 59 1943 1029 3714">
     <span class='ocr_line' id='line_1_15' title="bbox 111 1943 1028 2018; baseline 0.001 -16"><span class='ocrx_word' id='word_1_104' title='bbox 111 1947 159 2004; x_wconf 80' lang='lat'>65.</span> <span class='ocrx_word' id='word_1_105' title='bbox 186 1943 328 2003; x_wconf 81' lang='lat' dir='ltr'>Probatur</span> <span class='ocrx_word' id='word_1_106' title='bbox 342 1963 379 2000; x_wconf 85' lang='lat' dir='ltr'>ex</span> <span class='ocrx_word' id='word_1_107' title='bbox 396 1943 427 2001; x_wconf 83' lang='lat' dir='ltr'>S.</span> <span class='ocrx_word' id='word_1_108' title='bbox 447 1943 608 2018; x_wconf 77' lang='lat' dir='ltr'>Scriptura.</span> <span class='ocrx_word' id='word_1_109' title='bbox 636 1945 849 2003; x_wconf 79' lang='lat' dir='ltr'>Aroomouron</span> <span class='ocrx_word' id='word_1_110' title='bbox 866 1945 890 2002; x_wconf 93' lang='lat' dir='ltr'>I.</span> <span class='ocrx_word' id='word_1_111' title='bbox 916 1943 1028 2004; x_wconf 84' lang='lat' dir='ltr'>Textus</span> 
     </span>
     <span class='ocr_line' id='line_1_16' title="bbox 70 2043 1026 2131; baseline 0 -30"><span class='ocrx_word' id='word_1_112' title='bbox 70 2044 155 2102; x_wconf 83' lang='lat' dir='ltr'>allati</span> <span class='ocrx_word' id='word_1_113' title='bbox 178 2044 220 2119; x_wconf 92' lang='lat' dir='ltr'>(n.</span> <span class='ocrx_word' id='word_1_114' title='bbox 242 2046 288 2112; x_wconf 87' lang='lat'>35,</span> <span class='ocrx_word' id='word_1_115' title='bbox 306 2043 370 2120; x_wconf 71' lang='lat' dir='ltr'>(tc.)</span> <span class='ocrx_word' id='word_1_116' title='bbox 386 2043 421 2100; x_wconf 87' lang='lat' dir='ltr'>sd</span> <span class='ocrx_word' id='word_1_117' title='bbox 446 2043 570 2118; x_wconf 85' lang='lat' dir='ltr'>primam</span> <span class='ocrx_word' id='word_1_118' title='bbox 593 2044 820 2121; x_wconf 81' lang='lat' dir='ltr'>propositionem</span> <span class='ocrx_word' id='word_1_119' title='bbox 840 2043 1026 2131; x_wconf 61' lang='lat' dir='ltr'>probandam,</span> 
     </span>
     <span class='ocr_line' id='line_1_17' title="bbox 68 2142 1029 2222; baseline 0 -20"><span class='ocrx_word' id='word_1_120' title='bbox 68 2143 146 2202; x_wconf 84' lang='lat' dir='ltr'>huno</span> <span class='ocrx_word' id='word_1_121' title='bbox 168 2161 283 2220; x_wconf 88' lang='lat' dir='ltr'>quoque</span> <span class='ocrx_word' id='word_1_122' title='bbox 303 2142 373 2201; x_wconf 85' lang='lat' dir='ltr'>sotis</span> <span class='ocrx_word' id='word_1_123' title='bbox 392 2143 469 2201; x_wconf 83' lang='lat' dir='ltr'>clere</span> <span class='ocrx_word' id='word_1_124' title='bbox 490 2142 617 2203; x_wconf 83' lang='lat' dir='ltr'>firmant.</span> <span class='ocrx_word' id='word_1_125' title='bbox 660 2144 834 2222; x_wconf 80' lang='lat' dir='ltr'>Significant</span> <span class='ocrx_word' id='word_1_126' title='bbox 855 2143 932 2202; x_wconf 91' lang='lat' dir='ltr'>enim</span> <span class='ocrx_word' id='word_1_127' title='bbox 953 2143 1029 2202; x_wconf 88' lang='lat' dir='ltr'>nihil</span> 
     </span>
     <span class='ocr_line' id='line_1_18' title="bbox 67 2241 1027 2332; baseline -0.001 -29"><span class='ocrx_word' id='word_1_128' title='bbox 67 2263 129 2303; x_wconf 90' lang='lat' dir='ltr'>esse</span> <span class='ocrx_word' id='word_1_129' title='bbox 154 2244 288 2314; x_wconf 85' lang='lat' dir='ltr'>salutare,</span> <span class='ocrx_word' id='word_1_130' title='bbox 308 2241 384 2300; x_wconf 92' lang='lat' dir='ltr'>nihil</span> <span class='ocrx_word' id='word_1_131' title='bbox 396 2242 519 2318; x_wconf 89' lang='lat' dir='ltr'>positive</span> <span class='ocrx_word' id='word_1_132' title='bbox 542 2244 705 2302; x_wconf 85' lang='lat' dir='ltr'>conducens</span> <span class='ocrx_word' id='word_1_133' title='bbox 719 2244 755 2303; x_wconf 84' lang='lat' dir='ltr'>ad</span> <span class='ocrx_word' id='word_1_134' title='bbox 768 2244 861 2304; x_wconf 87' lang='lat' dir='ltr'>vitom</span> <span class='ocrx_word' id='word_1_135' title='bbox 880 2251 1027 2332; x_wconf 65' lang='lat' dir='ltr'>oetemem,</span> 
     </span>
     <span class='ocr_line' id='line_1_19' title="bbox 66 2342 1027 2419; baseline 0 -18"><span class='ocrx_word' id='word_1_136' title='bbox 66 2343 147 2419; x_wconf 90' lang='lat' dir='ltr'>quod</span> <span class='ocrx_word' id='word_1_137' title='bbox 168 2361 227 2400; x_wconf 89' lang='lat' dir='ltr'>non</span> <span class='ocrx_word' id='word_1_138' title='bbox 246 2346 288 2400; x_wconf 87' lang='lat' dir='ltr'>est</span> <span class='ocrx_word' id='word_1_139' title='bbox 307 2361 346 2400; x_wconf 88' lang='lat' dir='ltr'>ex</span> <span class='ocrx_word' id='word_1_140' title='bbox 366 2343 467 2416; x_wconf 84' lang='lat' dir='ltr'>gratia.</span> <span class='ocrx_word' id='word_1_141' title='bbox 510 2342 567 2401; x_wconf 83' lang='lat' dir='ltr'>Sed</span> <span class='ocrx_word' id='word_1_142' title='bbox 585 2342 704 2400; x_wconf 90' lang='lat' dir='ltr'>initium</span> <span class='ocrx_word' id='word_1_143' title='bbox 727 2342 819 2419; x_wconf 89' lang='lat' dir='ltr'>operis</span> <span class='ocrx_word' id='word_1_144' title='bbox 839 2342 975 2401; x_wconf 81' lang='lat' dir='ltr'>salutaris</span> <span class='ocrx_word' id='word_1_145' title='bbox 998 2349 1027 2402; x_wconf 89' lang='lat' dir='ltr'>et</span> 
     </span>
     <span class='ocr_line' id='line_1_20' title="bbox 63 2440 1026 2518; baseline 0.001 -19"><span class='ocrx_word' id='word_1_146' title='bbox 63 2443 173 2518; x_wconf 89' lang='lat' dir='ltr'>ipsum,</span> <span class='ocrx_word' id='word_1_147' title='bbox 202 2442 233 2498; x_wconf 85' lang='lat' dir='ltr'>vi</span> <span class='ocrx_word' id='word_1_148' title='bbox 260 2441 386 2513; x_wconf 88' lang='lat' dir='ltr'>termini,</span> <span class='ocrx_word' id='word_1_149' title='bbox 415 2440 540 2500; x_wconf 81' lang='lat' dir='ltr'>solutore</span> <span class='ocrx_word' id='word_1_150' title='bbox 563 2445 623 2513; x_wconf 82' lang='lat' dir='ltr'>est3</span> <span class='ocrx_word' id='word_1_151' title='bbox 652 2461 720 2517; x_wconf 86' lang='lat' dir='ltr'>ergo</span> <span class='ocrx_word' id='word_1_152' title='bbox 748 2461 786 2500; x_wconf 87' lang='lat' dir='ltr'>ex</span> <span class='ocrx_word' id='word_1_153' title='bbox 809 2441 913 2518; x_wconf 83' lang='lat' dir='ltr'>gratia.</span> <span class='ocrx_word' id='word_1_154' title='bbox 961 2441 1026 2500; x_wconf 90' lang='lat' dir='ltr'>Hoc</span> 
     </span>
     <span class='ocr_line' id='line_1_21' title="bbox 64 2539 1026 2618; baseline -0.002 -18"><span class='ocrx_word' id='word_1_155' title='bbox 64 2541 206 2602; x_wconf 77' lang='lat' dir='ltr'>disertius</span> <span class='ocrx_word' id='word_1_156' title='bbox 220 2540 399 2618; x_wconf 85' lang='lat' dir='ltr'>significatur</span> <span class='ocrx_word' id='word_1_157' title='bbox 412 2539 443 2598; x_wconf 90' lang='lat' dir='ltr'>iu</span> <span class='ocrx_word' id='word_1_158' title='bbox 457 2545 544 2599; x_wconf 85' lang='lat' dir='ltr'>textu</span> <span class='ocrx_word' id='word_1_159' title='bbox 557 2541 576 2599; x_wconf 86' lang='lat' dir='ltr'><strong>J</strong></span> <span class='ocrx_word' id='word_1_160' title='bbox 577 2561 631 2599; x_wconf 85' lang='lat' dir='ltr'>oon</span> <span class='ocrx_word' id='word_1_161' title='bbox 644 2561 694 2600; x_wconf 87' lang='lat' dir='ltr'>xv.</span> <span class='ocrx_word' id='word_1_162' title='bbox 711 2541 754 2618; x_wconf 87' lang='lat' dir='ltr'>(n.</span> <span class='ocrx_word' id='word_1_163' title='bbox 770 2542 822 2618; x_wconf 85' lang='grc'>37)</span> <span class='ocrx_word' id='word_1_164' title='bbox 835 2561 841 2599; x_wconf 94' lang='lat'>:</span> <span class='ocrx_word' id='word_1_165' title='bbox 858 2539 1026 2599; x_wconf 87' lang='lat' dir='ltr'>sicutenim</span> 
     </span>
     <span class='ocr_line' id='line_1_22' title="bbox 63 2639 1026 2717; baseline 0 -18"><span class='ocrx_word' id='word_1_166' title='bbox 63 2642 178 2717; x_wconf 86' lang='lat' dir='ltr'>palmes</span> <span class='ocrx_word' id='word_1_167' title='bbox 192 2661 249 2699; x_wconf 90' lang='lat' dir='ltr'>non</span> <span class='ocrx_word' id='word_1_168' title='bbox 263 2641 355 2699; x_wconf 82' lang='lat' dir='ltr'>soldm</span> <span class='ocrx_word' id='word_1_169' title='bbox 370 2641 581 2700; x_wconf 88' lang='lat' dir='ltr'>incrementum</span> <span class='ocrx_word' id='word_1_170' title='bbox 596 2645 691 2699; x_wconf 93' lang='lat' dir='ltr'>totum</span> <span class='ocrx_word' id='word_1_171' title='bbox 705 2641 792 2699; x_wconf 85' lang='lat' dir='ltr'>habet</span> <span class='ocrx_word' id='word_1_172' title='bbox 806 2659 843 2698; x_wconf 85' lang='lat' dir='ltr'>ex</span> <span class='ocrx_word' id='word_1_173' title='bbox 856 2639 926 2712; x_wconf 81' lang='lat' dir='ltr'>vite,</span> <span class='ocrx_word' id='word_1_174' title='bbox 938 2643 973 2698; x_wconf 89' lang='lat' dir='ltr'>ut</span> <span class='ocrx_word' id='word_1_175' title='bbox 986 2639 1026 2700; x_wconf 83' lang='lat' dir='ltr'>sit</span> 
     </span>
     <span class='ocr_line' id='line_1_23' title="bbox 62 2738 1024 2817; baseline -0.002 -19"><span class='ocrx_word' id='word_1_176' title='bbox 62 2741 186 2817; x_wconf 83' lang='lat' dir='ltr'>palmes,</span> <span class='ocrx_word' id='word_1_177' title='bbox 203 2741 252 2799; x_wconf 87' lang='lat' dir='ltr'>scd</span> <span class='ocrx_word' id='word_1_178' title='bbox 267 2745 362 2799; x_wconf 90' lang='lat' dir='ltr'>totum</span> <span class='ocrx_word' id='word_1_179' title='bbox 372 2739 491 2800; x_wconf 89' lang='lat' dir='ltr'>initium</span> <span class='ocrx_word' id='word_1_180' title='bbox 505 2739 683 2812; x_wconf 82' lang='lat' dir='ltr'>incrementi,</span> <span class='ocrx_word' id='word_1_181' title='bbox 700 2748 734 2798; x_wconf 88' lang='lat' dir='ltr'>ut</span> <span class='ocrx_word' id='word_1_182' title='bbox 747 2738 871 2816; x_wconf 84' lang='lat' dir='ltr'>incipiat</span> <span class='ocrx_word' id='word_1_183' title='bbox 884 2758 1024 2809; x_wconf 87' lang='lat' dir='ltr'>cresccre;</span> 
     </span>
     <span class='ocr_line' id='line_1_24' title="bbox 63 2839 1024 2916; baseline -0.002 -18"><span class='ocrx_word' id='word_1_184' title='bbox 63 2841 138 2899; x_wconf 83' lang='lat' dir='ltr'>odeo</span> <span class='ocrx_word' id='word_1_185' title='bbox 162 2843 206 2913; x_wconf 90' lang='lat' dir='ltr'>ut,</span> <span class='ocrx_word' id='word_1_186' title='bbox 228 2839 285 2898; x_wconf 89' lang='lat' dir='ltr'>nisi</span> <span class='ocrx_word' id='word_1_187' title='bbox 308 2839 463 2916; x_wconf 75' lang='lat' dir='ltr'>incepisset</span> <span class='ocrx_word' id='word_1_188' title='bbox 485 2859 522 2898; x_wconf 88' lang='lat' dir='ltr'>ex</span> <span class='ocrx_word' id='word_1_189' title='bbox 546 2839 607 2898; x_wconf 87' lang='lat' dir='ltr'>vite</span> <span class='ocrx_word' id='word_1_190' title='bbox 630 2859 812 2910; x_wconf 82' lang='lat' dir='ltr'>succrescere,</span> <span class='ocrx_word' id='word_1_191' title='bbox 829 2857 886 2896; x_wconf 89' lang='lat' dir='ltr'>non</span> <span class='ocrx_word' id='word_1_192' title='bbox 909 2841 1024 2897; x_wconf 86' lang='lat' dir='ltr'>tontum</span> 
     </span>
     <span class='ocr_line' id='line_1_25' title="bbox 61 2937 1023 3017; baseline -0.001 -20"><span class='ocrx_word' id='word_1_193' title='bbox 61 2959 219 3016; x_wconf 81' lang='lat' dir='ltr'>nunquam</span> <span class='ocrx_word' id='word_1_194' title='bbox 236 2939 268 2997; x_wconf 89' lang='lat' dir='ltr'>in</span> <span class='ocrx_word' id='word_1_195' title='bbox 281 2939 432 3017; x_wconf 81' lang='lat' dir='ltr'>palmitem</span> <span class='ocrx_word' id='word_1_196' title='bbox 453 2939 590 2999; x_wconf 86' lang='lat' dir='ltr'>crevisset</span> <span class='ocrx_word' id='word_1_197' title='bbox 604 2939 653 2999; x_wconf 92' lang='lat' dir='ltr'>sed</span> <span class='ocrx_word' id='word_1_198' title='bbox 674 2959 726 2998; x_wconf 89' lang='lat' dir='ltr'>nec</span> <span class='ocrx_word' id='word_1_199' title='bbox 740 2939 826 2998; x_wconf 84' lang='lat' dir='ltr'>etiam</span> <span class='ocrx_word' id='word_1_200' title='bbox 841 2956 965 2997; x_wconf 85' lang='lat' dir='ltr'>crescere</span> <span class='ocrx_word' id='word_1_201' title='bbox 978 2937 1023 2996; x_wconf 92' lang='lat' dir='ltr'>in-</span> 
     </span>
     <span class='ocr_line' id='line_1_26' title="bbox 61 3036 1023 3116; baseline -0.004 -18"><span class='ocrx_word' id='word_1_202' title='bbox 61 3039 205 3116; x_wconf 80' lang='lat' dir='ltr'>cepisset3</span> <span class='ocrx_word' id='word_1_203' title='bbox 227 3039 269 3096; x_wconf 87' lang='lat' dir='ltr'>ito</span> <span class='ocrx_word' id='word_1_204' title='bbox 283 3043 312 3096; x_wconf 89' lang='lat' dir='ltr'>ot</span> <span class='ocrx_word' id='word_1_205' title='bbox 332 3037 443 3096; x_wconf 91' lang='lat' dir='ltr'>homiui</span> <span class='ocrx_word' id='word_1_206' title='bbox 457 3038 586 3097; x_wconf 86' lang='lat' dir='ltr'>absolute</span> <span class='ocrx_word' id='word_1_207' title='bbox 606 3037 765 3097; x_wconf 81' lang='lat' dir='ltr'>necessario</span> <span class='ocrx_word' id='word_1_208' title='bbox 785 3041 829 3097; x_wconf 91' lang='lat' dir='ltr'>est</span> <span class='ocrx_word' id='word_1_209' title='bbox 849 3036 951 3114; x_wconf 86' lang='lat' dir='ltr'>gratia,</span> <span class='ocrx_word' id='word_1_210' title='bbox 965 3056 1023 3095; x_wconf 87' lang='lat' dir='ltr'>non</span> 
     </span>
     <span class='ocr_line' id='line_1_27' title="bbox 62 3136 1023 3215; baseline 0.001 -21"><span class='ocrx_word' id='word_1_211' title='bbox 62 3143 183 3198; x_wconf 85' lang='lat' dir='ltr'>tantum</span> <span class='ocrx_word' id='word_1_212' title='bbox 205 3149 241 3196; x_wconf 87' lang='lat' dir='ltr'>ut</span> <span class='ocrx_word' id='word_1_213' title='bbox 263 3157 334 3214; x_wconf 89' lang='lat' dir='ltr'>opus</span> <span class='ocrx_word' id='word_1_214' title='bbox 351 3137 440 3196; x_wconf 84' lang='lat' dir='ltr'>facist</span> <span class='ocrx_word' id='word_1_215' title='bbox 460 3138 585 3196; x_wconf 85' lang='lat' dir='ltr'>salutare</span> <span class='ocrx_word' id='word_1_216' title='bbox 604 3138 654 3197; x_wconf 91' lang='lat' dir='ltr'>sed</span> <span class='ocrx_word' id='word_1_217' title='bbox 676 3142 710 3197; x_wconf 89' lang='lat' dir='ltr'>ut</span> <span class='ocrx_word' id='word_1_218' title='bbox 727 3137 758 3195; x_wconf 88' lang='lat' dir='ltr'>id</span> <span class='ocrx_word' id='word_1_219' title='bbox 778 3137 871 3196; x_wconf 87' lang='lat' dir='ltr'>facere</span> <span class='ocrx_word' id='word_1_220' title='bbox 893 3136 1023 3215; x_wconf 83' lang='lat' dir='ltr'>incipiat.</span> 
     </span>
     <span class='ocr_line' id='line_1_28' title="bbox 60 3235 1021 3313; baseline -0.002 -17"><span class='ocrx_word' id='word_1_221' title='bbox 60 3237 193 3313; x_wconf 88' lang='lat' dir='ltr'>Insuper</span> <span class='ocrx_word' id='word_1_222' title='bbox 212 3237 341 3295; x_wconf 83' lang='lat' dir='ltr'>intexto</span> <span class='ocrx_word' id='word_1_223' title='bbox 356 3236 471 3309; x_wconf 90' lang='lat' dir='ltr'>dicitur,</span> <span class='ocrx_word' id='word_1_224' title='bbox 497 3243 516 3270; x_wconf 90' lang='lat'><strong>“</strong></span> <span class='ocrx_word' id='word_1_225' title='bbox 529 3239 591 3295; x_wconf 90' lang='lat' dir='ltr'>sine</span> <span class='ocrx_word' id='word_1_226' title='bbox 605 3256 651 3295; x_wconf 90' lang='lat' dir='ltr'>me</span> <span class='ocrx_word' id='word_1_227' title='bbox 664 3235 740 3294; x_wconf 72' lang='lat' dir='ltr'>stet</span> <span class='ocrx_word' id='word_1_228' title='bbox 756 3237 878 3311; x_wconf 87' lang='lat' dir='ltr'>potestis</span> <span class='ocrx_word' id='word_1_229' title='bbox 897 3235 1021 3296; x_wconf 84' lang='lat' dir='ltr'>fecere.”</span> 
     </span>
     <span class='ocr_line' id='line_1_29' title="bbox 61 3335 1020 3413; baseline -0.001 -19"><span class='ocrx_word' id='word_1_230' title='bbox 61 3337 195 3396; x_wconf 84' lang='lat' dir='ltr'>Initium</span> <span class='ocrx_word' id='word_1_231' title='bbox 208 3357 275 3395; x_wconf 86' lang='lat' dir='ltr'>sane</span> <span class='ocrx_word' id='word_1_232' title='bbox 289 3337 382 3413; x_wconf 90' lang='lat' dir='ltr'>operis</span> <span class='ocrx_word' id='word_1_233' title='bbox 401 3335 536 3395; x_wconf 82' lang='lat' dir='ltr'>solutoris</span> <span class='ocrx_word' id='word_1_234' title='bbox 549 3356 608 3394; x_wconf 92' lang='lat' dir='ltr'>non</span> <span class='ocrx_word' id='word_1_235' title='bbox 622 3341 675 3409; x_wconf 89' lang='lat' dir='ltr'>est,</span> <span class='ocrx_word' id='word_1_236' title='bbox 691 3337 722 3393; x_wconf 90' lang='lat' dir='ltr'>in</span> <span class='ocrx_word' id='word_1_237' title='bbox 736 3337 835 3394; x_wconf 90' lang='lat' dir='ltr'>ordine</span> <span class='ocrx_word' id='word_1_238' title='bbox 850 3341 1020 3412; x_wconf 87' lang='lat' dir='ltr'>supernatu-</span> 
     </span>
     <span class='ocr_line' id='line_1_30' title="bbox 61 3434 1021 3514; baseline -0.006 -17"><span class='ocrx_word' id='word_1_239' title='bbox 61 3439 122 3497; x_wconf 89' lang='lat' dir='ltr'>rali</span> <span class='ocrx_word' id='word_1_240' title='bbox 137 3443 167 3497; x_wconf 91' lang='lat' dir='ltr'>et</span> <span class='ocrx_word' id='word_1_241' title='bbox 180 3439 270 3498; x_wconf 82' lang='lat' dir='ltr'>relate</span> <span class='ocrx_word' id='word_1_242' title='bbox 282 3439 321 3497; x_wconf 87' lang='lat' dir='ltr'>cd</span> <span class='ocrx_word' id='word_1_243' title='bbox 335 3438 430 3514; x_wconf 90' lang='lat' dir='ltr'>ipsum</span> <span class='ocrx_word' id='word_1_244' title='bbox 444 3457 525 3513; x_wconf 90' lang='lat' dir='ltr'>opus,</span> <span class='ocrx_word' id='word_1_245' title='bbox 541 3457 653 3495; x_wconf 88' lang='lat' dir='ltr'>merum</span> <span class='ocrx_word' id='word_1_246' title='bbox 668 3436 760 3506; x_wconf 91' lang='lat' dir='ltr'>nihil;</span> <span class='ocrx_word' id='word_1_247' title='bbox 783 3435 841 3492; x_wconf 89' lang='lat' dir='ltr'>imo</span> <span class='ocrx_word' id='word_1_248' title='bbox 856 3434 928 3511; x_wconf 91' lang='lat' dir='ltr'>quid</span> <span class='ocrx_word' id='word_1_249' title='bbox 945 3435 1021 3511; x_wconf 89' lang='lat' dir='ltr'>posi-</span> 
     </span>
     <span class='ocr_line' id='line_1_31' title="bbox 60 3531 1023 3612; baseline -0.004 -16"><span class='ocrx_word' id='word_1_250' title='bbox 60 3539 162 3596; x_wconf 86' lang='lat' dir='ltr'>tivum</span> <span class='ocrx_word' id='word_1_251' title='bbox 176 3542 220 3596; x_wconf 90' lang='lat' dir='ltr'>est</span> <span class='ocrx_word' id='word_1_252' title='bbox 233 3542 263 3596; x_wconf 88' lang='lat' dir='ltr'>et</span> <span class='ocrx_word' id='word_1_253' title='bbox 276 3557 342 3596; x_wconf 80' lang='lat' dir='ltr'>vere</span> <span class='ocrx_word' id='word_1_254' title='bbox 356 3536 452 3612; x_wconf 81' lang='lat' dir='ltr'>gravis</span> <span class='ocrx_word' id='word_1_255' title='bbox 466 3536 615 3595; x_wconf 84' lang='lat' dir='ltr'>momenti.</span> <span class='ocrx_word' id='word_1_256' title='bbox 665 3539 746 3608; x_wconf 74' lang='grc' dir='ltr'>Αρχη</span> <span class='ocrx_word' id='word_1_257' title='bbox 762 3531 847 3610; x_wconf 73' lang='grc' dir='ltr'>ἣμισυ</span> <span class='ocrx_word' id='word_1_258' title='bbox 862 3555 973 3603; x_wconf 65' lang='lat' dir='ltr'>carros,</span> <span class='ocrx_word' id='word_1_259' title='bbox 988 3537 1023 3592; x_wconf 92' lang='lat' dir='ltr'>ut</span> 
     </span>
     <span class='ocr_line' id='line_1_32' title="bbox 59 3631 966 3714; baseline -0.007 -16"><span class='ocrx_word' id='word_1_260' title='bbox 59 3639 122 3698; x_wconf 80' lang='lat' dir='ltr'>fert</span> <span class='ocrx_word' id='word_1_261' title='bbox 137 3636 323 3714; x_wconf 77' lang='lat' dir='ltr'>proverbium</span> <span class='ocrx_word' id='word_1_262' title='bbox 337 3637 532 3698; x_wconf 83' lang='lat' dir='ltr'>Graecum-“</span> <span class='ocrx_word' id='word_1_263' title='bbox 545 3635 663 3694; x_wconf 90' lang='lat' dir='ltr'>initium</span> <span class='ocrx_word' id='word_1_264' title='bbox 678 3633 830 3692; x_wconf 87' lang='lat' dir='ltr'>dimidium</span> <span class='ocrx_word' id='word_1_265' title='bbox 845 3631 966 3693; x_wconf 83' lang='lat' dir='ltr'>totius.’&#39;</span> 
     </span>
    </p>
   </div>
   <div class='ocr_carea' id='block_1_6' title="bbox 0 0 1210 4314">
    <p class='ocr_par' dir='ltr' id='par_1_6' title="bbox 0 0 1210 4314">
     <span class='ocr_line' id='line_1_33' title="bbox 0 0 1210 4314; baseline 0 4"><span class='ocrx_word' id='word_1_266' title='bbox 0 0 1210 4314; x_wconf 95' lang='lat' dir='ltr'> </span> 
     </span>
    </p>
   </div>
  </div>
 </body>
</html>
