2410 4314
201 413 241 489 76
574 407 1137 501 DeGralzo.[nrsr.111.

198 575 346 655 aliquid]
362 575 526 652 excogitare
548 575 764 656 [aspiranda]
787 580 892 638 nedum
914 583 1038 656 efficere,
1053 603 1141 661 possu·

197 695 279 735 mus:
295 676 357 734 etsi
367 676 437 752 quid
446 675 682 752 ejusmodrpracs
672 677 752 735 andr
765 681 875 756 potest
878 681 991 762 tem[“
1003 684 1121 743 arobrs
1124 682 1144 762 ’]

195 777 359 848 habeamus,
389 776 450 834 hac
478 777 604 851 potestas
632 795 690 834 non
718 781 761 836 est
788 782 885 839 nostra
903 784 1049 844 naturalis
1070 783 1143 864 {“ex

196 875 326 956 nobis”],
342 875 392 934 sed.
405 878 466 934 tota
479 894 496 932 a
510 875 570 933 Deo
585 875 696 935 collata.

236 982 283 1036 41.
306 977 522 1034 Ausnuuurmr
537 974 590 1034 lV.
614 975 716 1034 “Cum
737 984 817 1036 metu
838 982 867 1038 et
887 981 1014 1042 tremore
1029 985 1143 1042 vestram

128 1137 129 1140 ,
196 1077 320 1136 salutem
344 1073 526 1151 operamini:
547 1074 628 1133 Deus
648 1079 691 1134 est
712 1077 798 1148 enim,
813 1079 863 1154 qui
880 1085 1018 1155 operatur
1032 1081 1147 1141 invobis

196 1181 225 1236 et
248 1177 325 1238 velle
346 1179 376 1234 et
389 1175 534 1252 perficere,
554 1194 606 1251 pro
618 1176 693 1234 bona
714 1178 893 1238 voluntate.”
919 1180 1033 1258 Philip.
1057 1182 1089 1240 ii.
1106 1186 1144 1252 12,

199 1281 243 1335 la.
284 1277 365 1335 Deus
379 1278 423 1333 est
436 1273 488 1352 qui
501 1294 558 1332 non
572 1275 672 1346 solum,
689 1277 783 1351 gratia
802 1297 854 1336 sua
867 1285 1054 1356 cooperante,
1071 1301 1147 1359 opera

195 1375 333 1436 salutaria
346 1373 378 1433 in
391 1375 473 1432 nobis
493 1377 636 1449 operatur,
653 1376 703 1434 sed
724 1376 820 1448 etiam,
834 1377 927 1452 gratia
939 1381 1143 1455 praeveniente,

193 1475 312 1536 initium
325 1478 355 1534 et
368 1473 549 1533 voluntatem
558 1473 679 1533 istorum
693 1495 820 1552 operum,
836 1481 866 1536 et
876 1477 907 1534 id
916 1497 975 1537 non
989 1483 1147 1540 secundum

192 1580 324 1634 nostrum
348 1576 398 1634 sed
422 1575 581 1633 secundum
605 1594 690 1633 suum
722 1576 944 1652 beneplacitum.
995 1581 1064 1640 Nos
1089 1600 1146 1656 ergo

193 1681 308 1736 strenue
323 1695 388 1734 cum
403 1675 464 1733 Deo
479 1673 623 1749 cooperari
647 1675 793 1746 debemus,
809 1675 910 1750 gratiae
925 1677 990 1754 ejus
1006 1681 1147 1750 cedentes,

193 1781 223 1835 ct
246 1795 358 1852 semper
380 1773 516 1833 timentes
539 1793 584 1844 nc,
610 1793 647 1832 ax
669 1775 852 1849 negligentia
873 1780 975 1834 nostra
997 1782 1032 1838 et
1056 1781 1145 1856 culpa,

112 1941 114 1946 .
192 1877 266 1934 hanc
281 1894 362 1933 suam
376 1873 569 1950 operationem
583 1873 734 1931 subtrahat
747 1873 835 1932 Deus.

241 2077 290 2133 42.
322 2073 465 2130 Probatur
487 2071 648 2148 Propositio
673 2091 710 2130 ex.
732 2071 878 2132 Patribus.
931 2075 1151 2138 “Necessarius

191 2173 275 2232 nobis
297 2175 341 2230 est
363 2191 410 2230 ros
423 2171 488 2243 Dei,
514 2175 549 2230 ut
569 2190 627 2230 non
642 2172 845 2230 comburamur
864 2191 959 2249 neque
973 2175 1150 2238 infructuosi

192 2272 379 2332 efficiamur.”
422 2273 452 2330 S.
468 2271 618 2342 laruatus
632 2271 653 2328 1.
671 2275 698 2344 3,
715 2291 738 2330 c.
757 2271 801 2342 17,
816 2290 846 2331 n.
860 2276 887 2330 3.

230 2377 278 2431 43.
311 2371 492 2448 “Quidquid
518 2374 649 2428 sanctum
672 2370 852 2446 cogitaveris,
876 2371 931 2429 hoo
956 2371 1016 2431 Dei
1040 2394 1150 2436 munus
1184 2391 1185 2416 ¹

192 2478 244 2546 est,
270 2472 327 2532 Dei
347 2471 508 2548 inspiratio,
534 2469 590 2528 Dei
609 2469 732 2545 gratia.’'
774 2470 804 2529 S.
820 2471 1005 2544 Auaaosrus,
1021 2474 1064 2536 de
1081 2478 1151 2538 Cain
1184 2543 1185 2548 ἵ

191 2577 220 2632 et
234 2574 317 2645 Abel,
333 2573 354 2631 l.
373 2576 397 2643 1,
414 2591 436 2629 c.
454 2573 499 2642 lo,
515 2589 544 2628 n.
560 2573 609 2628 45.

230 2677 278 2732 44.
312 2676 429 2745 Πτωχσι
458 2672 587 2740 ἅπαντες,
622 2670 666 2724 καὶ
685 2693 732 2744 της
756 2672 832 2739 θειας
861 2692 977 2744 χαριτος
1013 2679 1152 2745 επιδεεὶς.

192 2775 363 2850 “Paupercs
394 2790 492 2830 omnes
524 2789 631 2843 sumus,
657 2769 807 2846 gratiaque
829 2769 928 2828 divina
947 2769 1151 2847 indigemus.''
1184 2785 1185 2808 l

192 2874 221 2935 S.
237 2873 405 2930 Ganeonrus
420 2873 547 2928 strsu.
571 2869 670 2929 Oratio
687 2875 732 2941 14,
748 2889 777 2928 u.
796 2874 821 2927 l.

231 2973 279 3030 45.
302 2969 415 3028 “Velle
438 2973 467 3028 et
491 2969 604 3028 currere
626 2988 723 3027 meum
745 2971 807 3027 est:
837 2968 886 3026 sed
907 2968 1005 3046 ipsum
1036 2991 1154 3047 meum,

192 3068 315 3129 sineDei
325 3087 436 3145 semper
445 3068 635 3139 auxilio„nou
644 3069 801 3126 eritmcum
806 3111 934 3128 .....
957 3071 1088 3147 Semper
1098 3075 1155 3133 lar.

191 3170 275 3245 gitor,
292 3187 460 3244 semperque
472 3168 591 3225 donator
601 3170 652 3226 cst.
692 3167 722 3226 N
723 3186 759 3224 on
768 3165 840 3224 mihi
851 3166 956 3228 suffieit
964 3170 1046 3244 quod
1058 3173 1155 3234 semel

191 3270 317 3344 donavit,
328 3268 385 3327 nisi
394 3288 505 3346 semper
516 3267 674 3326 donaverit.
714 3268 793 3340 Peto,
803 3269 838 3326 ut
849 3266 988 3344 accipiam
1000 3289 1007 3328 :
1024 3275 1069 3345 et,
1085 3295 1154 3334 cum

191 3390 332 3449 accepero,
343 3389 443 3428 rursus
453 3368 550 3446 pcto.’'
593 3369 620 3426 S.
634 3370 843 3438 Hrnnorrrrua
854 3368 986 3445 Epistola
996 3372 1069 3445 182,
1081 3393 1117 3435 n.
1127 3379 1156 3434 6,

231 3477 278 3531 46.
301 3477 386 3542 Δωρα
409 3474 482 3526 Θεου
496 3471 614 3542 scalpas
629 3491 673 3522 scas
688 3491 719 3523 το
734 3491 888 3540 accreverat,
899 3491 943 3525 aar
958 3491 990 3525 so
1005 3473 1155 3550 λαμπρ.»

191 3573 396 3645 αγωνισασθαι,
414 3593 447 3626 ου
460 3593 492 3626 το
506 3572 674 3642 αυθαιρετυν
687 3592 735 3642 της
756 3591 870 3642 ιγνωμηπ
885 3571 1052 3644 εκβαλλων,
1070 3579 1158 3632 axla

191 3676 330 3729 διδασκων
353 3678 398 3726 ‘cos
413 3691 481 3744 αντη
503 3672 564 3726 καθ’
589 3666 690 3743 ἓαυτην
704 3666 722 3745 ἡ
737 3691 847 3744 qvaq,
870 3691 1085 3750 qsqvpvawp
1103 3701 1156 3751 της
