2438 4304
142 441 143 444 Ἴ
169 487 233 556 3²4
556 463 612 530 Da
631 461 762 568 Gratas
952 459 1054 547 [mar.
1068 479 1113 528 rx.

169 633 270 693 “Dela
291 631 477 711 iniquitatem
499 649 590 690 meam
593 672 719 690 .....
734 629 842 688 Averte
868 627 974 689 faciem
1001 622 1118 691 tuama

166 733 291 811 peccatis
315 733 394 804 meis,
417 737 447 792 ct
464 751 562 792 cmnes
583 729 755 808 iniquitates
773 748 852 788 meas
870 729 966 790 dele.’'
1007 731 1117 792 Psulm.

166 833 188 893 l.
204 838 231 907 8,
250 836 295 893 ll.
338 834 429 911 “Ego
443 833 590 909 cumipse,
606 828 1119 910 quideleuiuiquitetestuasprcp·

1215 999 1216 1068 l

166 934 300 994 terme.”
342 933 408 993 Issi.
429 931 504 992 xliii.
520 935 568 990 25.
611 929 745 990 “Deleri
764 933 799 989 ut
816 929 926 990 nubem
945 929 1121 1009 iniquitates

165 1037 240 1107 tuas,
270 1037 301 1093 et
327 1033 411 1111 quasi
437 1031 573 1092 nebulam
594 1034 712 1108 peccate
737 1027 820 1090 tue.”
870 1030 947 1092 Ibid.
968 1031 1045 1092 xliv.
1068 1035 1119 1092 22.

167 1133 390 1212 “Septuaginta
403 1130 594 1192 hebdomades
606 1128 780 1190 abbreviatae
794 1133 873 1202 sunt,
896 1173 904 1190 .
919 1174 928 1190 .
945 1176 953 1192 .
969 1174 979 1190 .
1001 1135 1037 1192 ut
1050 1150 1120 1192 con·

166 1240 327 1293 summetur
353 1231 560 1310 pravaricatio,
588 1233 618 1290 et
642 1229 731 1288 finem
752 1228 875 1307 accipiat
896 1234 1061 1307 peccatum,
1090 1236 1121 1292 et

166 1332 297 1392 deleatur
319 1331 490 1410 iniquitas.”
533 1331 608 1388 Dan.
627 1327 668 1388 ix.
685 1333 733 1387 24.
777 1327 1004 1388 “Posuitemiui
1025 1328 1122 1406 igitur
1215 1399 1216 1414 χ

165 1437 195 1492 et
208 1431 418 1505 convertimini,
434 1434 469 1490 ut
482 1429 632 1490 deleantur
656 1426 713 1510 [aas
730 1450 761 1484 το
784 1432 1000 1506 εξωλειῴθηνιιι,
1025 1430 1119 1506 Angl.
1215 1421 1216 1460 ³

165 1532 291 1610 “wiped
306 1537 367 1606 cut,
389 1530 542 1612 destroyed
561 1527 709 1610 utterly'’]
729 1536 846 1609 peccata
858 1532 987 1591 vestre.”
1029 1527 1117 1591 Rom.

162 1631 208 1691 iii.
233 1637 279 1694 19.
1215 1645 1216 1648 ’

204 1737 252 1794 59.
275 1714 488 1793 Assenserunt
501 1732 546 1792 II.
566 1731 614 1790 Ex
626 1728 699 1790 locis
711 1729 744 1789 in
757 1729 863 1808 quibus
876 1727 1074 1808 metaphorice
1088 1733 1121 1792 et
1215 1781 1216 1788 ,

163 1852 216 1911 per
242 1832 449 1894 similitudines
475 1831 656 1909 significatur
684 1829 858 1908 justificatio
891 1830 1060 1906 peccatoris,
1090 1837 1122 1892 et

163 1933 247 2012 quasi
260 1935 296 1994 cb
309 1933 407 1994 oculos
419 1953 472 2011 per
484 1931 641 2009 imaginem
654 1929 799 2007 depictam
813 1929 948 2008 ponitur:
972 1930 1030 2010 (1).
1045 1930 1120 1992 Jus-
1215 1927 1216 1942 ¹

162 2033 283 2093 tificetio
303 2033 462 2112 peccatoris
485 2031 591 2110 saepius
606 2030 761 2091 exhibetur
778 2035 814 2089 ut
826 2029 1120 2090 lotio-enunciatio-
1215 2043 1216 2050 ’

163 2137 336 2211 mparqctic.
379 2133 548 2196 Similitudo
561 2132 617 2192 ista
629 2131 663 2191 in
679 2131 733 2190 hcc
755 2131 841 2209 plane
860 2131 1121 2194 consistit—Sicut

162 2253 214 2292 vas
237 2233 423 2294 immundum
450 2235 517 2313 (aut
543 2231 666 2310 quaevis
681 2231 739 2290 alia
764 2249 810 2291 res
829 2230 988 2306 immunda,
1016 2232 1117 2307 facies,

162 2353 274 2407 manus,
291 2354 413 2413 pannus,
429 2353 538 2404 mensa,
552 2331 762 2411 pavimentum,
779 2331 844 2409 dec.)
858 2332 893 2392 fit
905 2333 1060 2405 mundum,
1074 2333 1120 2394 its

117 2504 120 2512 ff
161 2439 304 2512 peccator,
330 2435 415 2512 eujus
436 2439 553 2511 peccata
574 2437 644 2492 sunt
663 2434 747 2510 quasi
771 2432 868 2492 sordes
891 2437 922 2492 et
942 2433 1063 2492 maculae
1085 2433 1119 2492 in
1215 2469 1216 2496 ι

161 2533 259 2594 anima
272 2534 343 2612 ejus,
363 2535 399 2594 fit
409 2534 516 2612 justus.
557 2534 600 2592 At
613 2551 681 2592 vero
694 2550 746 2592 vas
758 2530 944 2592 immundum
955 2551 1017 2592 non
1029 2551 1117 2592 muu-

162 2633 257 2709 detur,
282 2634 379 2694 sordes
399 2638 429 2693 et
441 2631 570 2692 maculas
583 2633 715 2708 tegendo,
738 2631 789 2692 sed
809 2651 858 2692 ecs
877 2633 1068 2708 abstergendo
1087 2637 1119 2694 et

162 2734 315 2794 abluendo.
356 2733 405 2794 Ita
425 2739 456 2794 et
473 2738 606 2810 peccator
623 2733 811 2809 justificatur,
834 2752 892 2792 non
913 2737 1032 2812 peccata
1052 2733 1117 2812 ejus

161 2834 294 2909 tegendo,
311 2833 358 2892 sed
373 2851 406 2892 ee
419 2832 538 2910 penitus
552 2832 749 2908 abstergendo.
786 2831 870 2893 Sicut
879 2851 930 2892 vas
940 2833 1116 2893 mundatum

160 2951 256 2990 coram
277 2932 360 2990 coulc
380 2933 548 2992 mundantis
571 2936 617 2992 est
637 2951 705 2992 vere
727 2931 878 3005 mundum,
903 2931 1014 3010 pariter
1034 2953 1070 2993 ac
1090 2933 1116 2993 si

158 3031 312 3108 nunquam
325 3031 430 3091 fuisset
443 3031 636 3105 maculatum
656 3031 698 3091 ita
711 3035 843 3110 peccator
853 3031 1033 3108 justificatus
1046 3053 1116 3094 vere

155 3131 256 3209 justus
276 3134 321 3192 est
340 3149 437 3190 eoram
450 3133 521 3204 Dec,
543 3134 573 3190 et
586 3150 602 3190 a
616 3135 733 3209 peccato
746 3131 893 3204 immunis,
915 3132 1027 3208 pariter
1040 3152 1075 3193 ao
1087 3133 1114 3194 si

157 3241 308 3315 peceatum
330 3255 483 3313 nunquam
510 3235 680 3296 admisisset
725 3235 837 3296 Textus
863 3236 962 3315 plures
988 3238 1115 3298 suntin

159 3338 267 3415 quibus
289 3338 351 3396 hoec
375 3335 536 3396 similitudo
564 3335 722 3395 clarissime
749 3335 949 3413 significatur:
972 3337 1115 3414 quosdam

157 3441 275 3497 tantum
289 3437 339 3496 hic
359 3435 461 3495 efferre
474 3453 637 3511 possumus.
681 3439 701 3468 “
712 3435 876 3509 Lasamini,
890 3436 996 3495 mundi
1010 3441 1113 3499 estote.

159 3577 166 3595 .
191 3579 198 3597 .
221 3577 228 3595 .
252 3581 260 3595 .
282 3538 322 3597 Et
334 3537 443 3608 venite,
460 3541 490 3595 et
503 3537 618 3610 arguite
631 3554 678 3594 me
692 3535 765 3595 dicit
778 3537 922 3596 Dominus
934 3557 941 3609 ;
965 3537 1117 3598 siluerint

156 3639 275 3710 peecata
287 3640 385 3695 vestra
398 3641 432 3695 ut
445 3638 602 3703 coccinum,
618 3636 702 3712 quasi
715 3637 770 3696 nix
784 3639 1017 3699 dealbabuntur:
1046 3645 1079 3701 et
1092 3643 1117 3701 si

155 3733 266 3794 fuerint
291 3737 380 3793 rubra
406 3735 490 3811 quasi
510 3734 696 3809 vermiculus,
717 3737 803 3798 velut
822 3738 891 3798 lane
910 3737 976 3800 albu
997 3742 1117 3802 eruut.”
