2424 4300
187 375 228 449 98
567 362 617 430 De
634 360 765 431 Gratia
971 359 1074 448 [msa.
1091 385 1134 430 ιιι.

182 533 352 594 necessitate
367 539 397 593 et
409 531 563 610 largitione
577 535 606 592 et
618 550 725 608 magna
736 529 768 590 vi
781 529 882 607 gratiae
901 532 964 589 tam
978 531 1136 592 voluntatis

181 655 269 712 quam
292 633 465 693 intellectus.
517 633 590 706 Imo,
621 630 725 692 saltem
747 629 779 690 in
807 629 951 704 fidelibus,
978 631 1137 708 praesertim

177 733 275 812 justis,
291 733 376 810 longe
390 732 483 810 major
504 735 549 791 est
573 730 735 791 necessaria
754 729 848 806 gratia
868 729 1038 792 voluntatis
1056 751 1137 808 quan

180 833 370 892 intellectus:
393 831 464 907 quia
486 829 573 906 longe
596 828 690 906 major
704 831 749 888 est
766 827 918 887 inclinatio
931 827 1099 890 voluntatis
1110 829 1136 888 in

180 932 290 992 malum
313 951 400 1009 qoam
424 930 592 991 intellectus
616 931 648 988 in
669 947 803 1001 errorem,
829 931 860 988 et
882 927 968 1004 longe
990 929 1095 1007 plures
1112 937 1138 990 et

181 1031 304 1092 acriores
327 1036 397 1091 sunt
418 1029 594 1091 tentationes
618 1027 781 1089 voluntatis
798 1032 834 1088 ut
852 1028 929 1088 male
950 1029 1029 1090 velit
1054 1050 1137 1108 quan

179 1134 347 1194 intellectis
369 1137 405 1192 ut
428 1133 503 1192 male
527 1131 635 1192 videat.
678 1132 719 1190 Et
742 1128 875 1207 quamvis
898 1129 997 1206 gratia
1020 1130 1137 1191 datsin

178 1236 243 1296 istis
266 1233 492 1295 circumstantiis
512 1234 599 1293 detur
623 1236 658 1292 nt
681 1231 873 1305 medicinalis,
902 1234 1005 1292 tamen
1029 1251 1139 1310 semper

180 1339 266 1398 datur
279 1354 395 1414 quoque
409 1339 444 1395 ut
458 1334 584 1395 elevans.

218 1440 306 1498 *lla
330 1439 402 1497 Haec
424 1435 580 1510 sententie,
596 1433 652 1495 etsi
672 1433 768 1495 futilis
790 1437 820 1494 et
842 1431 924 1507 falsa,
940 1451 1002 1492 non
1020 1433 1139 1495 videtur

180 1559 240 1600 esse
254 1558 386 1616 expresse
410 1538 557 1598 damnata.
599 1537 637 1596 In
659 1536 714 1596 hac
735 1534 814 1594 enim
826 1535 948 1593 materia
961 1533 1000 1594 ‹le
1013 1536 1137 1596 necessi·

178 1645 239 1700 tate
260 1639 360 1716 gratiae
385 1639 422 1698 ad
445 1658 519 1716 opus
542 1636 667 1696 salutare
695 1637 818 1713 ejusque
841 1633 971 1706 initium,
1008 1653 1138 1697 censura

179 1739 316 1799 Ecclesiae
333 1742 433 1798 contra
446 1735 619 1814 Pelagianos
639 1739 669 1795 et
691 1733 938 1812 semipelagianos
953 1733 1026 1794 latae
1053 1739 1136 1807 sunt;

180 1845 289 1898 etcum
311 1858 411 1899 eorum
431 1837 576 1898 erroribus
598 1855 784 1914 nequaquam
806 1833 946 1894 confundi
970 1835 1064 1896 debet
1082 1837 1138 1896 haec

181 1938 287 2015 opinio.
338 1938 502 1998 Videantur
534 1939 663 1998 recentes
694 1939 825 1995 auctores
852 1932 939 2008 docti,
967 1935 1136 2006 Bnnsssns,

180 2035 280 2116 5403,
296 2057 325 2096 n.
341 2043 358 2094 9
374 2037 509 2116 et5409,
523 2057 553 2096 n.
569 2039 597 2109 5,
613 2038 682 2095 nota
698 2039 732 2107 l;
753 2036 927 2106 Jcnosrann,
944 2053 973 2092 n.
989 2039 1030 2093 34
1046 2039 1078 2096 et
1091 2041 1135 2094 40.

220 2139 308 2196 ι113.
328 2137 472 2206 Quaeritur
486 2135 526 2196 2⁰.
540 2139 588 2196 An
603 2139 634 2196 et
646 2135 678 2195 in
688 2154 745 2213 quo
754 2135 896 2212 discrepat
906 2135 1137 2210 gratiaactualis

181 2237 293 2295 Adamo
307 2235 384 2307 data,
400 2240 431 2296 et
451 2238 542 2296 statui
565 2235 738 2295 innocentiae
762 2233 887 2312 propria,
908 2253 925 2293 a
942 2234 1044 2311 gratia
1058 2234 1138 2296 nobis

181 2336 258 2409 data,
275 2339 305 2395 et
317 2339 415 2395 nostro
424 2335 516 2395 statui
529 2335 610 2412 lapso
623 2333 763 2412 propria?

221 2437 309 2495 *lla
330 2435 418 2510 Reep.
439 2435 510 2494 Tres
528 2437 597 2494 sunt
616 2433 666 2493 hic
688 2431 863 2510 quastiones
885 2451 960 2510 quas
983 2451 1048 2494 non
1070 2434 1140 2496 satis

182 2535 369 2612 distinguunt
387 2539 526 2594 auctores.
568 2534 667 2594 Prima
680 2537 724 2594 est
737 2533 773 2594 de
786 2533 881 2610 gratia
894 2551 961 2611 quta
973 2537 1141 2597 necessaria

181 2635 239 2695 fuit
258 2635 370 2694 homini
391 2634 537 2696 innocenti
550 2635 586 2694 ad
602 2633 769 2696 salutariter
791 2634 989 2713 operandum:
1010 2639 1141 2698 secunda

183 2741 227 2796 est
240 2737 275 2796 de
289 2735 382 2812 gratia
394 2754 460 2813 quae
474 2737 510 2796 de
529 2735 605 2796 facto
620 2736 732 2796 Adamo
752 2736 820 2796 data
836 2739 888 2809 est,
906 2735 977 2795 dum
998 2737 1142 2801 innocens

182 2837 294 2897 viveret
307 2841 374 2896 ante
393 2836 527 2914 lapsum:
548 2837 695 2898 tertiaeet
712 2839 748 2898 de
765 2835 859 2914 gratia
871 2855 937 2915 quse
951 2837 1052 2898 danda
1066 2845 1143 2902 esset

182 2937 293 2995 Adamo
307 2939 337 2995 et
349 2935 470 3012 posteris
489 2935 561 3014 ejus,
583 2937 608 2996 si
628 2941 720 2998 status
733 2936 904 2997 innocentia
918 2939 1142 3014 permansisset.

183 3036 250 3094 Sola
263 3034 356 3112 prima
370 3034 406 3092 ad
419 3037 570 3094 materiam
584 3036 674 3114 hujus
688 3039 831 3096 tractatus
844 3035 993 3113 pertinet:
1009 3038 1049 3098 de
1065 3059 1101 3100 ea
1116 3045 1144 3098 et

182 3135 217 3194 de
231 3133 344 3192 duabus
359 3133 547 3210 sequentibus
571 3136 672 3196 multae
695 3141 764 3196 sunt
786 3135 1001 3212 disputationes
1015 3139 1145 3199 subtiles

183 3241 212 3294 et
235 3234 407 3311 conjecturae
431 3235 509 3311 apud
530 3236 686 3313 theologos.
725 3236 826 3297 Nostri
849 3256 907 3295 non
929 3241 974 3296 est
993 3238 1144 3316 ejusmodi

183 3335 355 3410 quaestiones
368 3355 490 3409 movere,
501 3335 559 3395 nisi
574 3336 604 3395 in
618 3341 758 3414 quantum
773 3356 825 3414 per
838 3357 886 3396 eas
898 3335 992 3412 magis
1006 3337 1143 3398 illustre-

184 3445 232 3492 tur
246 3434 376 3493 doctrina
390 3436 510 3494 definita
533 3442 585 3496 aut
607 3437 735 3514 probata,
758 3437 806 3496 vel
825 3440 861 3496 ut
881 3437 917 3495 ab
936 3437 992 3496 hac
1006 3439 1145 3499 doctrina

182 3536 368 3592 secernantur
382 3535 532 3594 sententiae
546 3534 663 3596 incertae
678 3539 728 3596 aut
742 3535 843 3596 saltem
855 3535 963 3596 liberae.
1008 3538 1141 3618 Sequen-

181 3633 222 3692 tia
235 3653 302 3708 ergo
316 3636 431 3694 tantum
444 3639 587 3694 notamus.
