2410 4314
85 367 169 412 nrse.
194 345 262 432 rra]
310 347 364 409 De
383 343 502 410 Gratia
517 344 676 409 elevante:
696 344 845 430 potabile.
989 365 1029 430 79

85 514 137 590 (et,
152 516 186 571 ut
199 513 242 570 ita
255 511 357 583 dicam,
383 511 518 588 terrenis)
542 515 668 583 conetur,
692 531 842 588 nunquam
855 514 951 588 potest
961 531 1033 588 opus

86 611 201 688 aliquod
216 611 336 670 coeleste
350 609 471 668 efficere.
514 609 612 667 Media
633 609 665 666 iu
685 613 813 686 utroque
837 629 904 668 casu
926 609 1034 669 finibus

85 711 149 769 istis
163 709 345 787 assequendis
366 709 497 768 absolute
518 713 548 768 ct
568 710 648 766 omni
669 729 706 767 ex
726 713 807 785 parte
820 709 942 787 imparia
955 713 1033 770 sunt.

87 811 130 870 2⁰.
152 811 289 882 Quercus,
306 808 494 886 quantumvis
508 808 666 881 excolatur,
681 808 838 868 malaferre
849 829 906 868 non
920 811 1034 886 potest;

86 909 112 967 si
130 929 195 969 vero
212 909 347 970 surculus
369 907 477 967 arboris
499 907 578 984 pomi
600 908 627 966 ei
649 908 803 980 inseratur,
826 929 878 985 per
893 929 960 969 eum
980 909 1037 969 fert

86 1029 179 1085 poma.
221 1010 269 1067 Ita
284 1011 313 1066 et
326 1009 411 1066 homo
425 1007 486 1066 sine
496 1010 525 1066 et
540 1026 604 1065 oum
619 1007 721 1082 gratia.

128 1112 173 1167 51.
195 1107 236 1168 3⁰.
259 1109 347 1168 Sutor
367 1110 419 1166 aut
433 1101 533 1180 sartor,
550 1107 601 1183 qni
623 1126 742 1166 summae
764 1106 915 1182 elegantia
931 1107 1039 1167 calceos

87 1210 139 1266 ant
151 1213 245 1266 restes
259 1207 383 1278 conficit,
399 1226 457 1264 non
477 1206 542 1265 ideo
563 1205 658 1263 ullum
678 1205 813 1264 meritum
832 1206 1003 1282 habetque
1024 1226 1041 1265 a

86 1329 153 1387 rege
166 1311 198 1368 in
211 1309 305 1368 filium
320 1310 489 1388 adoptivum
503 1313 707 1380 assumeretur,
724 1313 775 1368 ant
787 1309 931 1368 nobilium
946 1309 1041 1369 ordini

87 1411 284 1470 ascriberetur.

128 1516 173 1568 52.
195 1509 235 1568 4⁰.
257 1508 377 1567 Animal
397 1509 517 1584 aliquod
536 1507 656 1567 rationis
677 1527 788 1585 expers,
812 1529 868 1586 ug.
891 1509 970 1568 oanis
990 1513 1042 1568 aut

86 1629 186 1687 equus,
202 1607 390 1686 quantumvis
403 1606 435 1665 in
455 1627 559 1684 genero
580 1627 631 1666 suo
646 1608 805 1684 perfectum
823 1613 853 1668 et
873 1608 1040 1685 pretiosum,

86 1729 145 1768 non
171 1708 236 1768 ideo
263 1708 325 1766 ullo
352 1707 435 1765 modo
463 1707 570 1782 dignus
601 1711 676 1766 esset
705 1706 758 1784 qui
792 1707 915 1766 assideat
932 1727 1042 1790 ¹mensae

86 1807 197 1867 domini
211 1807 256 1866 sui
270 1807 344 1866 etin
359 1805 461 1865 ceteris
475 1808 648 1866 tractaretur
659 1809 695 1865 ut
708 1807 803 1866 homa
835 1807 934 1884 Longe
947 1807 1044 1866 minus

86 1908 193 1982 dignus
220 1912 264 1965 est
287 1908 371 1963 lromo
396 1905 446 1982 qui
469 1925 521 1982 per
544 1925 631 1982 opera
653 1905 796 1963 naturalia
820 1910 983 1982 assurgeret
1007 1906 1044 1962 ad

89 2006 324 2084 supernaturalia
352 2008 382 2065 et
408 2003 500 2064 vitam
527 2009 662 2063 aeternam
685 2010 870 2082 compararet.
922 2005 1044 2064 Infinita

84 2107 165 2166 enim
178 2105 268 2182 major
285 2111 328 2165 est
342 2104 481 2162 distantia
494 2104 571 2162 inter
585 2104 740 2176 hominem,
758 2108 810 2164 aut
825 2105 916 2162 ullam
930 2109 1042 2163 creatu-

86 2225 150 2264 ram
163 2205 195 2264 in
208 2204 388 2263 naturalibus
402 2204 491 2263 etiam
505 2204 786 2275 excellentissimam,
798 2211 827 2263 et
840 2205 944 2276 Deum,
958 2223 1045 2280 quam

87 2307 167 2363 inter
180 2306 298 2364 brutum
320 2308 350 2362 et
374 2303 530 2362 hominem.
571 2303 653 2361 Illud
678 2303 795 2380 quidem
819 2308 897 2362 caret
917 2303 1048 2380 potentia

89 2403 277 2462 obedientiali
298 2403 334 2461 ad
355 2402 546 2460 elevationem
567 2401 666 2473 ullam,
690 2423 777 2477 quam
797 2403 886 2461 habet
905 2403 991 2460 homo
1011 2403 1048 2460 ad

87 2503 279 2563 elevationem
295 2501 560 2578 supernaturalem:
577 2502 626 2559 sed
640 2501 833 2578 discrepantia
843 2503 913 2574 haee,
926 2507 1047 2578 utraque
1135 2528 1139 2536 ·

87 2607 221 2661 creatura
235 2604 398 2678 comparata
418 2620 485 2661 cum
499 2601 570 2672 Deo,
587 2601 646 2660 fere
660 2599 736 2658 nihil
750 2610 803 2659 est.
842 2605 860 2632 ‘¹
872 2601 939 2658 Vox
953 2600 1047 2659 dicen-

87 2703 149 2761 tis:
175 2701 282 2760 Clamo.
313 2701 354 2759 Et
368 2700 448 2760 dixi:
472 2700 550 2765 Quid
565 2699 714 2759 clamabo?
743 2700 844 2758 Omnis
858 2719 922 2758 caro
937 2699 1045 2772 fenum,

87 2809 121 2861 et
135 2801 228 2860 omnis
236 2801 329 2876 gloria
338 2799 402 2878 ejus
417 2800 500 2877 quasi
513 2799 566 2858 fios
581 2799 652 2876 agri.
684 2799 872 2859 Exsiccatum
886 2799 1046 2870 estfenum,

89 2904 122 2959 et
136 2893 242 2960 cecidit
254 2900 336 2960 flos.’'
379 2900 437 2959 Isa.
452 2898 494 2956 xl.
511 2903 539 2958 5.

359 3077 414 3157 §a
438 3078 591 3136 Solvuntur
611 3077 784 3154 objaa'ona.

135 3203 182 3257 53.
211 3199 309 3276 Object.
342 3203 366 3257 1.
394 3203 537 3257 Assensus
560 3198 629 3256 fidei
652 3203 696 3257 est
719 3219 791 3275 opus
815 3197 950 3256 salutare.
993 3197 1049 3256 Sed

90 3317 229 3356 assensus
246 3299 296 3356 ille
310 3297 420 3356 viribus
441 3300 552 3357 naturae
567 3301 597 3356 et
611 3299 672 3356 sine
686 3297 779 3373 gratia
792 3296 923 3374 praestari
944 3298 1048 3372 potest.

89 3397 138 3454 Ea
161 3396 239 3454 enim
263 3400 331 3456 sunt
355 3395 465 3455 motiva
488 3395 698 3468 credibilitatis,
715 3415 780 3472 quae
802 3395 832 3452 vi
853 3413 904 3452 sua
924 3393 1048 3472 propria,

88 3497 159 3573 ipsa
171 3496 283 3556 ratione
297 3496 432 3568 dictante,
447 3515 593 3554 assensum
607 3496 724 3554 firmum
738 3495 872 3570 exigunt.

134 3602 183 3655 54.
207 3599 291 3671 Respa
317 3596 357 3654 l0.
387 3595 545 3670 Distinguo
565 3595 721 3672 majorem:
747 3595 778 3654 si
799 3595 952 3670 praestetur
972 3592 1050 3653 exci-
