2410 4318
41 422 161 474 mse.
181 409 277 496 vnn]
334 409 513 477 Concordia
530 411 656 478 Grebia
670 414 703 476 et
715 405 905 476 Libertatis.
975 423 1035 490 245

48 574 112 634 ita
143 595 220 636 enm
234 576 314 637 Deus
337 577 470 654 proeseiat
483 577 602 657 quinam
623 579 741 639 abusuri
761 576 821 637 sint
834 595 887 636 suo
910 572 1038 652 generali

53 694 238 749 concursu,
258 695 310 736 eur
333 676 361 736 ei
382 698 440 738 non
461 678 656 756 imputabitur
679 678 716 736 ad
737 677 863 755 eulpam,
882 675 960 754 quod
978 693 1038 734 non

57 775 241 835 subtrahat
262 796 442 851 coneursum,
457 779 600 856 siquidem
623 777 783 838 erratione
804 775 945 854 impedire
969 793 1035 852 peo-

59 879 181 934 catum
204 875 279 936 illud
294 882 397 954 potest,
412 898 466 938 nee
481 884 577 938 temen
590 877 730 955 impedire
743 874 834 936 vult?
872 874 1037 934 Dicendum

60 978 181 1034 tamen
196 981 240 1034 est
253 975 398 1036 diversam
418 997 479 1038 esse
492 978 634 1038 rationem
647 977 680 1036 in
692 975 860 1036 hominibus
873 993 906 1033 ao
919 973 951 1032 in
964 973 1037 1033 Deo.

63 1073 164 1133 Deus
187 1093 324 1152 namque,
340 1096 406 1136 oum
427 1077 561 1137 dominus
581 1078 621 1138 sit
639 1075 779 1148 omnium,
794 1073 982 1151 legitimeque
1002 1071 1037 1132 de

66 1192 172 1232 cause
186 1173 317 1232 examini
330 1179 361 1234 et
373 1177 534 1252 probationi
554 1181 680 1254 exponet
693 1184 838 1234 creaturus
858 1192 926 1232 sues
945 1171 1037 1231 libero

70 1271 206 1331 arbitrio
232 1273 381 1350 pollentes,
405 1283 441 1334 ut
463 1275 489 1335 si
511 1276 584 1336 bene
607 1295 658 1335 suo
682 1274 801 1334 arbitrio
827 1272 920 1349 gratia
946 1271 1038 1349 ipsius

72 1372 188 1448 adjuto
202 1372 313 1434 fuerint
326 1393 395 1447 usae,
411 1375 535 1453 propriis
553 1375 666 1435 meritis
678 1375 769 1435 uitem
788 1377 926 1434 aeternam
939 1389 1036 1431 oense·

72 1457 222 1547 quantur,
239 1471 284 1531 sin
307 1478 405 1532 autem
426 1475 510 1546 male,
522 1475 603 1551 justo
624 1473 767 1552 supplicio
790 1471 961 1544 afficiantur,
976 1487 1033 1529 non

74 1575 202 1630 tenetur
222 1569 362 1648 impedire
383 1577 508 1649 peecata,
525 1573 574 1632 sed
595 1593 630 1633 ee
651 1577 747 1651 potest
763 1571 892 1649 legitime
915 1568 1033 1648 permit·

75 1672 159 1730 tere:
174 1670 212 1730 ad
225 1670 496 1750 providentiamque
514 1672 608 1749 ipsius
626 1677 737 1750 spectat
749 1691 807 1732 nou
821 1672 962 1748 denegare
975 1667 1032 1728 sin·

76 1768 163 1846 gulis
185 1771 272 1830 rebus
291 1791 333 1845 ea,
349 1790 414 1849 quae
438 1772 598 1832 necessaria
620 1777 690 1832 sunt
709 1777 744 1832 ut
764 1769 974 1831 accommodate
997 1767 1035 1827 ed
1058 1833 1060 1836 ,

78 1887 151 1928 suus
174 1874 293 1929 naturus
307 1876 472 1947 operentur,
488 1875 549 1932 esto
562 1873 698 1950 quaedam
719 1872 790 1932 talis
807 1870 867 1930 sint
879 1868 986 1947 quibus
1005 1872 1035 1926 et

78 1969 157 2028 bene
183 1973 214 2028 et
235 1969 310 2030 male
336 1970 383 2031 uti
405 1976 536 2048 possunt.
577 1973 620 2032 At
641 1992 708 2032 vero
731 1971 871 2044 homines,
896 1967 949 2047 qui
970 1970 1032 2027 Deo

79 2067 252 2144 legibusque
266 2067 374 2128 divinis
387 2075 456 2129 sunt
469 2070 600 2148 subjecti,
611 2072 674 2149 lege
684 2070 784 2130 divina
793 2068 920 2129 naturali
932 2071 1033 2128 tenen·

82 2173 135 2227 tur
156 2186 273 2226 suorum
295 2168 494 2246 proximorum
521 2177 639 2247 peeosts
663 2164 813 2248 impedire,
836 2169 862 2230 si
888 2165 1035 2228 commode

82 2266 203 2344 possint,
218 2272 248 2328 et
261 2268 298 2326 ad
312 2268 452 2328 damnum
466 2269 588 2330 ulterius
608 2290 667 2330 non
687 2268 833 2348 cooperari
835 2310 967 2332 .....
989 2263 1037 2326 Ad

82 2371 140 2432 hoe
152 2371 228 2431 enim
247 2375 281 2432 ut
293 2372 406 2451 aliquid
420 2373 510 2434 alieni
524 2381 664 2452 tauquam
682 2393 775 2434 oausae
788 2373 932 2450 negative
945 2369 1033 2430 aseri·

84 2472 178 2544 batur,
193 2473 385 2532 necessarium
400 2478 493 2534 estut
506 2478 640 2534 teneatur
659 2479 689 2534 et
702 2474 794 2550 possit
806 2473 837 2532 id
850 2471 990 2550 impedire
1004 2475 1034 2530 et

86 2590 144 2630 non
165 2571 322 2649 impediet:
351 2571 432 2632 Deus
455 2578 553 2632 autem
575 2591 633 2632 non
657 2577 774 2632 tenetur
795 2575 913 2650 peeeeta
931 2577 1033 2652 nostra

87 2669 250 2746 impedire.''
285 2672 415 2744 Monuni,
431 2672 459 2731 d.
475 2676 524 2746 el,
540 2672 578 2732 ad
591 2673 715 2733 calcem:
732 2671 792 2734 vid.
808 2677 838 2732 et
851 2672 935 2750 plure
948 2673 1032 2730 nota·

87 2768 155 2830 bilia
167 2769 197 2830 in
210 2769 285 2848 disp.
300 2770 465 2849 insequenti
479 2777 527 2834 32.

342 2948 358 3030 ς
375 2954 400 3010 2.
424 2950 553 3028 systema
568 2950 774 3012 itoms'stiaum.

126 3091 169 3146 28.
189 3087 397 3148 Themistieum
412 3107 463 3148 seu
472 3088 687 3149 Themisterum
697 3090 752 3150 hoe
765 3090 893 3166 systema
900 3089 1029 3158 vocetur,

89 3187 154 3265 quie
165 3207 182 3246 a
194 3187 335 3265 theologis
355 3187 465 3248 ordinis
484 3189 670 3250 Dominieani
689 3193 897 3269 propugnatur,
912 3193 943 3248 et
962 3187 1031 3266 quie

89 3287 123 3346 sb
144 3287 271 3346 omnibus
295 3287 348 3364 qui
370 3286 447 3347 iilud
470 3287 632 3349 defendunt
653 3295 791 3368 tanquam
812 3309 882 3350 sere
908 3293 938 3348 et
958 3305 1031 3364 pura

89 3385 210 3445 doctrine
231 3387 261 3447 S.
282 3387 401 3446 Tnonm
423 3387 587 3449 exhibetur.
629 3389 729 3449 Talem
749 3393 846 3448 nutem
870 3386 1030 3447 doctrinam

89 3485 206 3545 tenuisse
225 3487 388 3563 angelicum
402 3489 547 3548 doctorem
567 3488 683 3550 omnino
702 3494 811 3566 negant
827 3486 988 3547 Moliuistee
1001 3491 1031 3546 et

90 3585 270 3662 Congruistae.
315 3588 495 3648 Brnuszmn
512 3589 568 3648 hoe
588 3593 714 3665 systema
736 3589 863 3667 primum
882 3586 1030 3648 invexisse

91 3683 135 3746 vel
157 3684 256 3748 saltem
296 3674 442 3747 ordinasse
464 3691 494 3747 et
518 3686 672 3764 expoliisse
698 3707 715 3747 a
740 3687 842 3747 multis
862 3687 1029 3751 affirmetur.
