<?xml version="1.0" encoding="UTF-8"?>
<!DOCTYPE html PUBLIC "-//W3C//DTD XHTML 1.0 Transitional//EN"
    "http://www.w3.org/TR/xhtml1/DTD/xhtml1-transitional.dtd">
<html xmlns="http://www.w3.org/1999/xhtml" xml:lang="en" lang="en">
 <head>
  <title>
</title>
<meta http-equiv="Content-Type" content="text/html;charset=utf-8" />
  <meta name='ocr-system' content='tesseract 3.04.00' />
  <meta name='ocr-capabilities' content='ocr_page ocr_carea ocr_par ocr_line ocrx_word'/>
</head>
<body>
  <div class='ocr_page' id='page_1' title='image "./tractatusdegrat00murrgoog_0458.png"; bbox 0 0 2408 4304; ppageno 0'>
   <div class='ocr_carea' id='block_1_1' title="bbox 39 417 1014 514">
    <p class='ocr_par' dir='ltr' id='par_1_1' title="bbox 39 417 1014 514">
     <span class='ocr_line' id='line_1_1' title="bbox 39 417 1014 514; baseline 0.018 -20"><span class='ocrx_word' id='word_1_1' title='bbox 39 442 144 495; x_wconf 79' lang='lat' dir='ltr'>mer.</span> <span class='ocrx_word' id='word_1_2' title='bbox 163 419 240 514; x_wconf 71' lang='lat' dir='ltr'>xrs]</span> <span class='ocrx_word' id='word_1_3' title='bbox 440 427 496 492; x_wconf 73' lang='lat' dir='ltr'>De</span> <span class='ocrx_word' id='word_1_4' title='bbox 509 417 647 492; x_wconf 61' lang='lat' dir='ltr'>Merito:</span> <span class='ocrx_word' id='word_1_5' title='bbox 953 441 1014 512; x_wconf 80' lang='lat'>443</span> 
     </span>
    </p>
   </div>
   <div class='ocr_carea' id='block_1_2' title="bbox 39 593 1016 976">
    <p class='ocr_par' dir='ltr' id='par_1_2' title="bbox 39 593 1016 873">
     <span class='ocr_line' id='line_1_2' title="bbox 42 593 1016 673; baseline 0.001 -18"><span class='ocrx_word' id='word_1_6' title='bbox 42 595 212 656; x_wconf 80' lang='lat' dir='ltr'>occasione</span> <span class='ocrx_word' id='word_1_7' title='bbox 236 596 343 671; x_wconf 84' lang='lat' dir='ltr'>eroget.</span> <span class='ocrx_word' id='word_1_8' title='bbox 386 594 420 654; x_wconf 93' lang='lat' dir='ltr'>Is</span> <span class='ocrx_word' id='word_1_9' title='bbox 440 593 553 654; x_wconf 80' lang='lat' dir='ltr'>dicetur</span> <span class='ocrx_word' id='word_1_10' title='bbox 575 593 687 655; x_wconf 87' lang='lat' dir='ltr'>virtute</span> <span class='ocrx_word' id='word_1_11' title='bbox 713 594 819 656; x_wconf 85' lang='lat' dir='ltr'>referre</span> <span class='ocrx_word' id='word_1_12' title='bbox 839 614 911 673; x_wconf 88' lang='lat' dir='ltr'>opus</span> <span class='ocrx_word' id='word_1_13' title='bbox 930 615 1016 656; x_wconf 89' lang='lat' dir='ltr'>suurn</span> 
     </span>
     <span class='ocr_line' id='line_1_3' title="bbox 42 695 1016 773; baseline 0.003 -18"><span class='ocrx_word' id='word_1_14' title='bbox 42 697 85 755; x_wconf 90' lang='lat' dir='ltr'>in</span> <span class='ocrx_word' id='word_1_15' title='bbox 102 697 216 769; x_wconf 90' lang='lat' dir='ltr'>Deum,</span> <span class='ocrx_word' id='word_1_16' title='bbox 234 695 357 770; x_wconf 87' lang='lat' dir='ltr'>etiamsi,</span> <span class='ocrx_word' id='word_1_17' title='bbox 379 695 449 754; x_wconf 91' lang='lat' dir='ltr'>dum</span> <span class='ocrx_word' id='word_1_18' title='bbox 470 695 608 773; x_wconf 88' lang='lat' dir='ltr'>peeunias</span> <span class='ocrx_word' id='word_1_19' title='bbox 627 695 694 756; x_wconf 87' lang='lat' dir='ltr'>illas</span> <span class='ocrx_word' id='word_1_20' title='bbox 714 695 875 772; x_wconf 70' lang='lat' dir='ltr'><strong>distribuit,</strong></span> <span class='ocrx_word' id='word_1_21' title='bbox 891 696 967 756; x_wconf 86' lang='lat' dir='ltr'><strong>nihil</strong></span> <span class='ocrx_word' id='word_1_22' title='bbox 980 698 1016 758; x_wconf 87' lang='lat' dir='ltr'>de</span> 
     </span>
     <span class='ocr_line' id='line_1_4' title="bbox 39 797 280 873; baseline 0 -17"><span class='ocrx_word' id='word_1_23' title='bbox 39 798 119 856; x_wconf 89' lang='lat' dir='ltr'>Deo</span> <span class='ocrx_word' id='word_1_24' title='bbox 137 797 280 873; x_wconf 83' lang='lat' dir='ltr'>rogitet.&#39;’</span> 
     </span>
    </p>

    <p class='ocr_par' dir='ltr' id='par_1_3' title="bbox 96 896 1016 976">
     <span class='ocr_line' id='line_1_5' title="bbox 96 896 1016 976; baseline 0.003 -19"><span class='ocrx_word' id='word_1_25' title='bbox 96 898 161 957; x_wconf 86' lang='lat' dir='ltr'>Sed</span> <span class='ocrx_word' id='word_1_26' title='bbox 177 899 212 958; x_wconf 90' lang='lat' dir='ltr'>de</span> <span class='ocrx_word' id='word_1_27' title='bbox 227 898 285 958; x_wconf 87' lang='lat' dir='ltr'>ista</span> <span class='ocrx_word' id='word_1_28' title='bbox 297 896 437 958; x_wconf 82' lang='lat' dir='ltr'>relatione</span> <span class='ocrx_word' id='word_1_29' title='bbox 451 914 570 975; x_wconf 88' lang='lat' dir='ltr'>operum</span> <span class='ocrx_word' id='word_1_30' title='bbox 591 897 624 956; x_wconf 92' lang='lat' dir='ltr'>in</span> <span class='ocrx_word' id='word_1_31' title='bbox 637 897 744 971; x_wconf 92' lang='lat' dir='ltr'>Deum,</span> <span class='ocrx_word' id='word_1_32' title='bbox 765 901 873 976; x_wconf 81' lang='lat' dir='ltr'>praeter</span> <span class='ocrx_word' id='word_1_33' title='bbox 885 902 1016 962; x_wconf 77' lang='lat' dir='ltr'>auctores</span> 
     </span>
    </p>
   </div>
   <div class='ocr_carea' id='block_1_3' title="bbox 43 996 1015 1574">
    <p class='ocr_par' dir='ltr' id='par_1_4' title="bbox 43 996 1015 1574">
     <span class='ocr_line' id='line_1_6' title="bbox 43 996 1015 1078; baseline 0.001 -21"><span class='ocrx_word' id='word_1_34' title='bbox 43 998 165 1058; x_wconf 84' lang='lat' dir='ltr'>citatos</span> <span class='ocrx_word' id='word_1_35' title='bbox 180 1018 196 1056; x_wconf 85' lang='lat' dir='ltr'>a</span> <span class='ocrx_word' id='word_1_36' title='bbox 211 999 360 1070; x_wconf 80' lang='lat' dir='ltr'>Pannona,</span> <span class='ocrx_word' id='word_1_37' title='bbox 375 1017 405 1056; x_wconf 93' lang='lat' dir='ltr'>n.</span> <span class='ocrx_word' id='word_1_38' title='bbox 421 1001 488 1070; x_wconf 83' lang='lat'>155,</span> <span class='ocrx_word' id='word_1_39' title='bbox 510 1000 570 1056; x_wconf 89' lang='lat' dir='ltr'>not.</span> <span class='ocrx_word' id='word_1_40' title='bbox 589 996 745 1056; x_wconf 84' lang='lat' dir='ltr'>videantur</span> <span class='ocrx_word' id='word_1_41' title='bbox 758 1002 788 1057; x_wconf 85' lang='lat' dir='ltr'>et</span> <span class='ocrx_word' id='word_1_42' title='bbox 801 997 863 1075; x_wconf 90' lang='lat' dir='ltr'>ipse</span> <span class='ocrx_word' id='word_1_43' title='bbox 874 999 1015 1078; x_wconf 77' lang='lat' dir='ltr'>Pnnsoun</span> 
     </span>
     <span class='ocr_line' id='line_1_7' title="bbox 45 1097 1013 1173; baseline 0 -15"><span class='ocrx_word' id='word_1_44' title='bbox 45 1099 90 1158; x_wconf 77' lang='lat' dir='ltr'>de</span> <span class='ocrx_word' id='word_1_45' title='bbox 115 1097 255 1171; x_wconf 80' lang='lat' dir='ltr'>Caritate,</span> <span class='ocrx_word' id='word_1_46' title='bbox 278 1117 308 1156; x_wconf 91' lang='lat' dir='ltr'>n.</span> <span class='ocrx_word' id='word_1_47' title='bbox 325 1101 393 1169; x_wconf 84' lang='grc'><strong>259,</strong></span> <span class='ocrx_word' id='word_1_48' title='bbox 411 1099 460 1156; x_wconf 81' lang='lat' dir='ltr'>&amp;a</span> <span class='ocrx_word' id='word_1_49' title='bbox 484 1115 513 1156; x_wconf 88' lang='lat' dir='ltr'>n.</span> <span class='ocrx_word' id='word_1_50' title='bbox 528 1100 598 1170; x_wconf 84' lang='grc'><strong>275,</strong></span> <span class='ocrx_word' id='word_1_51' title='bbox 615 1099 665 1156; x_wconf 76' lang='lat' dir='ltr'>&amp;a</span> <span class='ocrx_word' id='word_1_52' title='bbox 690 1097 784 1156; x_wconf 78' lang='lat' dir='ltr'>Gneo.</span> <span class='ocrx_word' id='word_1_53' title='bbox 799 1116 838 1156; x_wconf 82' lang='lat' dir='ltr'>nr</span> <span class='ocrx_word' id='word_1_54' title='bbox 851 1098 1013 1173; x_wconf 80' lang='lat' dir='ltr'>Vsnsurm,</span> 
     </span>
     <span class='ocr_line' id='line_1_8' title="bbox 45 1196 1013 1275; baseline -0.001 -16"><span class='ocrx_word' id='word_1_55' title='bbox 45 1202 81 1259; x_wconf 86' lang='lat' dir='ltr'>d.</span> <span class='ocrx_word' id='word_1_56' title='bbox 103 1203 132 1268; x_wconf 87' lang='lat'>8,</span> <span class='ocrx_word' id='word_1_57' title='bbox 148 1218 178 1275; x_wconf 88' lang='lat' dir='ltr'>q.</span> <span class='ocrx_word' id='word_1_58' title='bbox 197 1203 222 1267; x_wconf 89' lang='lat'>6,</span> <span class='ocrx_word' id='word_1_59' title='bbox 245 1217 275 1274; x_wconf 91' lang='lat' dir='ltr'>p.</span> <span class='ocrx_word' id='word_1_60' title='bbox 291 1201 329 1269; x_wconf 84' lang='lat'>3;</span> <span class='ocrx_word' id='word_1_61' title='bbox 351 1197 483 1273; x_wconf 80' lang='lat' dir='ltr'>Assujo‚</span> <span class='ocrx_word' id='word_1_62' title='bbox 499 1196 580 1270; x_wconf 84' lang='grc'><strong>(1.14,</strong></span> <span class='ocrx_word' id='word_1_63' title='bbox 605 1215 632 1256; x_wconf 92' lang='lat' dir='ltr'>a.</span> <span class='ocrx_word' id='word_1_64' title='bbox 650 1199 705 1268; x_wconf 78' lang='lat'>153</span> <span class='ocrx_word' id='word_1_65' title='bbox 726 1197 887 1270; x_wconf 74' lang='lat' dir='ltr'>Hannone,</span> <span class='ocrx_word' id='word_1_66' title='bbox 901 1199 922 1258; x_wconf 90' lang='lat' dir='ltr'>l.</span> <span class='ocrx_word' id='word_1_67' title='bbox 939 1203 967 1273; x_wconf 82' lang='lat'>2,</span> <span class='ocrx_word' id='word_1_68' title='bbox 983 1218 1013 1258; x_wconf 90' lang='lat' dir='ltr'>u.</span> 
     </span>
     <span class='ocr_line' id='line_1_9' title="bbox 49 1298 1012 1374; baseline -0.002 -12"><span class='ocrx_word' id='word_1_69' title='bbox 49 1302 129 1374; x_wconf 85' lang='lat'>907,</span> <span class='ocrx_word' id='word_1_70' title='bbox 151 1303 203 1360; x_wconf 74' lang='lat' dir='ltr'>&amp;a</span> <span class='ocrx_word' id='word_1_71' title='bbox 220 1299 416 1372; x_wconf 69' lang='lat' dir='ltr'>Scantiniae,</span> <span class='ocrx_word' id='word_1_72' title='bbox 436 1318 466 1357; x_wconf 95' lang='lat' dir='ltr'>n.</span> <span class='ocrx_word' id='word_1_73' title='bbox 482 1303 540 1358; x_wconf 91' lang='grc'>222</span> <span class='ocrx_word' id='word_1_74' title='bbox 556 1321 564 1370; x_wconf 87' lang='grc'>;</span> <span class='ocrx_word' id='word_1_75' title='bbox 586 1299 744 1369; x_wconf 75' lang='lat' dir='ltr'>Burnum,</span> <span class='ocrx_word' id='word_1_76' title='bbox 759 1298 795 1358; x_wconf 89' lang='lat' dir='ltr'>da</span> <span class='ocrx_word' id='word_1_77' title='bbox 809 1299 871 1358; x_wconf 91' lang='lat' dir='ltr'>Ult.</span> <span class='ocrx_word' id='word_1_78' title='bbox 886 1299 968 1374; x_wconf 86' lang='lat' dir='ltr'>Fine,</span> <span class='ocrx_word' id='word_1_79' title='bbox 984 1301 1012 1360; x_wconf 87' lang='lat' dir='ltr'>d.</span> 
     </span>
     <span class='ocr_line' id='line_1_10' title="bbox 53 1394 1011 1472; baseline 0.001 -16"><span class='ocrx_word' id='word_1_80' title='bbox 53 1403 85 1471; x_wconf 95' lang='lat'>1,</span> <span class='ocrx_word' id='word_1_81' title='bbox 106 1417 134 1457; x_wconf 91' lang='lat' dir='ltr'>a.</span> <span class='ocrx_word' id='word_1_82' title='bbox 151 1401 179 1469; x_wconf 87' lang='lat'>5,</span> <span class='ocrx_word' id='word_1_83' title='bbox 204 1400 233 1454; x_wconf 90' lang='lat' dir='ltr'>et</span> <span class='ocrx_word' id='word_1_84' title='bbox 253 1395 289 1454; x_wconf 91' lang='lat' dir='ltr'>de</span> <span class='ocrx_word' id='word_1_85' title='bbox 304 1394 415 1455; x_wconf 83' lang='lat' dir='ltr'>Cherit.</span> <span class='ocrx_word' id='word_1_86' title='bbox 440 1395 467 1454; x_wconf 88' lang='lat' dir='ltr'>d.</span> <span class='ocrx_word' id='word_1_87' title='bbox 483 1400 511 1468; x_wconf 81' lang='lat'>4,</span> <span class='ocrx_word' id='word_1_88' title='bbox 535 1415 561 1455; x_wconf 87' lang='lat' dir='ltr'>a.</span> <span class='ocrx_word' id='word_1_89' title='bbox 579 1399 596 1452; x_wconf 90' lang='lat'><em>8</em></span> <span class='ocrx_word' id='word_1_90' title='bbox 614 1417 622 1466; x_wconf 89' lang='lat'>;</span> <span class='ocrx_word' id='word_1_91' title='bbox 643 1395 763 1469; x_wconf 78' lang='lat' dir='ltr'>Hunno,</span> <span class='ocrx_word' id='word_1_92' title='bbox 786 1395 821 1454; x_wconf 87' lang='lat' dir='ltr'>de</span> <span class='ocrx_word' id='word_1_93' title='bbox 834 1395 1011 1472; x_wconf 83' lang='lat' dir='ltr'>Virtutibus,</span> 
     </span>
     <span class='ocr_line' id='line_1_11' title="bbox 49 1492 892 1574; baseline -0.002 -18"><span class='ocrx_word' id='word_1_94' title='bbox 49 1500 84 1559; x_wconf 91' lang='lat' dir='ltr'>d.</span> <span class='ocrx_word' id='word_1_95' title='bbox 105 1501 134 1570; x_wconf 90' lang='lat'>6,</span> <span class='ocrx_word' id='word_1_96' title='bbox 151 1516 180 1574; x_wconf 92' lang='lat' dir='ltr'>q.</span> <span class='ocrx_word' id='word_1_97' title='bbox 198 1497 233 1569; x_wconf 84' lang='lat'>83</span> <span class='ocrx_word' id='word_1_98' title='bbox 256 1493 351 1569; x_wconf 82' lang='lat' dir='ltr'>Gunr,</span> <span class='ocrx_word' id='word_1_99' title='bbox 368 1493 426 1554; x_wconf 87' lang='lat' dir='ltr'>vol.</span> <span class='ocrx_word' id='word_1_100' title='bbox 447 1498 472 1568; x_wconf 91' lang='grc'>1,</span> <span class='ocrx_word' id='word_1_101' title='bbox 488 1513 518 1552; x_wconf 92' lang='lat' dir='ltr'>n.</span> <span class='ocrx_word' id='word_1_102' title='bbox 536 1497 571 1552; x_wconf 88' lang='grc'>31</span> <span class='ocrx_word' id='word_1_103' title='bbox 588 1497 619 1553; x_wconf 86' lang='grc'>11</span> <span class='ocrx_word' id='word_1_104' title='bbox 631 1492 806 1567; x_wconf 77' lang='lat' dir='ltr'>Bsnnusrm,</span> <span class='ocrx_word' id='word_1_105' title='bbox 821 1493 892 1554; x_wconf 89' lang='lat' dir='ltr'>ibid.</span> 
     </span>
    </p>
   </div>
   <div class='ocr_carea' id='block_1_4' title="bbox 132 1753 939 1839">
    <p class='ocr_par' dir='ltr' id='par_1_5' title="bbox 132 1753 939 1839">
     <span class='ocr_line' id='line_1_12' title="bbox 132 1753 939 1839; baseline -0.004 -19"><span class='ocrx_word' id='word_1_106' title='bbox 132 1757 148 1839; x_wconf 63' lang='grc' dir='ltr'>ἓ</span> <span class='ocrx_word' id='word_1_107' title='bbox 161 1760 190 1820; x_wconf 89' lang='grc'>7.</span> <span class='ocrx_word' id='word_1_108' title='bbox 217 1755 394 1820; x_wconf 63' lang='lat' dir='ltr'>consterna</span> <span class='ocrx_word' id='word_1_109' title='bbox 409 1755 446 1815; x_wconf 79' lang='lat' dir='ltr'>ad</span> <span class='ocrx_word' id='word_1_110' title='bbox 458 1754 586 1815; x_wconf 69' lang='lat' dir='ltr'>meritam</span> <span class='ocrx_word' id='word_1_111' title='bbox 600 1754 632 1814; x_wconf 81' lang='lat' dir='ltr'>ds</span> <span class='ocrx_word' id='word_1_112' title='bbox 646 1771 761 1832; x_wconf 78' lang='lat' dir='ltr'>ronpruo</span> <span class='ocrx_word' id='word_1_113' title='bbox 774 1753 939 1817; x_wconf 74' lang='lat' dir='ltr'>necessarie.</span> 
     </span>
    </p>
   </div>
   <div class='ocr_carea' id='block_1_5' title="bbox 56 1913 1049 3104">
    <p class='ocr_par' dir='ltr' id='par_1_6' title="bbox 56 1913 1013 2604">
     <span class='ocr_line' id='line_1_13' title="bbox 102 1913 1013 1994; baseline -0.001 -16"><span class='ocrx_word' id='word_1_114' title='bbox 102 1923 170 1980; x_wconf 85' lang='lat'>141.</span> <span class='ocrx_word' id='word_1_115' title='bbox 195 1919 235 1978; x_wconf 85' lang='lat'>1⁰.</span> <span class='ocrx_word' id='word_1_116' title='bbox 256 1918 305 1976; x_wconf 84' lang='lat' dir='ltr'>Ex</span> <span class='ocrx_word' id='word_1_117' title='bbox 318 1919 401 1994; x_wconf 86' lang='lat' dir='ltr'>parte</span> <span class='ocrx_word' id='word_1_118' title='bbox 414 1914 507 1994; x_wconf 87' lang='lat' dir='ltr'>operis</span> <span class='ocrx_word' id='word_1_119' title='bbox 521 1913 711 1993; x_wconf 89' lang='lat' dir='ltr'>requiruntur</span> <span class='ocrx_word' id='word_1_120' title='bbox 724 1933 823 1974; x_wconf 88' lang='lat' dir='ltr'>omnes</span> <span class='ocrx_word' id='word_1_121' title='bbox 833 1914 1013 1977; x_wconf 82' lang='lat' dir='ltr'>conditiones</span> 
     </span>
     <span class='ocr_line' id='line_1_14' title="bbox 58 2014 1012 2094; baseline -0.004 -13"><span class='ocrx_word' id='word_1_122' title='bbox 58 2021 200 2081; x_wconf 89' lang='lat' dir='ltr'>meritum</span> <span class='ocrx_word' id='word_1_123' title='bbox 234 2019 270 2077; x_wconf 90' lang='lat' dir='ltr'>de</span> <span class='ocrx_word' id='word_1_124' title='bbox 300 2016 443 2094; x_wconf 79' lang='lat' dir='ltr'>condigno</span> <span class='ocrx_word' id='word_1_125' title='bbox 467 2015 645 2088; x_wconf 81' lang='lat' dir='ltr'>necessariae,</span> <span class='ocrx_word' id='word_1_126' title='bbox 673 2034 786 2092; x_wconf 89' lang='lat' dir='ltr'>nempe,</span> <span class='ocrx_word' id='word_1_127' title='bbox 814 2018 849 2074; x_wconf 91' lang='lat' dir='ltr'>ut</span> <span class='ocrx_word' id='word_1_128' title='bbox 875 2014 914 2076; x_wconf 88' lang='lat' dir='ltr'>sit</span> <span class='ocrx_word' id='word_1_129' title='bbox 938 2035 1012 2094; x_wconf 78' lang='lat' dir='ltr'>opus</span> 
     </span>
     <span class='ocr_line' id='line_1_15' title="bbox 57 2116 1011 2199; baseline -0.001 -20"><span class='ocrx_word' id='word_1_130' title='bbox 57 2119 229 2199; x_wconf 87' lang='lat' dir='ltr'>positivum,</span> <span class='ocrx_word' id='word_1_131' title='bbox 253 2118 388 2198; x_wconf 75' lang='lat' dir='ltr'>liberum,</span> <span class='ocrx_word' id='word_1_132' title='bbox 415 2116 563 2177; x_wconf 85' lang='lat' dir='ltr'>moraliter</span> <span class='ocrx_word' id='word_1_133' title='bbox 588 2117 705 2188; x_wconf 91' lang='lat' dir='ltr'>bonum,</span> <span class='ocrx_word' id='word_1_134' title='bbox 735 2117 953 2192; x_wconf 87' lang='lat' dir='ltr'>supernaturale</span> <span class='ocrx_word' id='word_1_135' title='bbox 979 2118 1011 2178; x_wconf 92' lang='lat' dir='ltr'>in</span> 
     </span>
     <span class='ocr_line' id='line_1_16' title="bbox 56 2217 1011 2301; baseline -0.002 -20"><span class='ocrx_word' id='word_1_136' title='bbox 56 2221 203 2301; x_wconf 81' lang='lat' dir='ltr'>principio</span> <span class='ocrx_word' id='word_1_137' title='bbox 228 2226 258 2280; x_wconf 90' lang='lat' dir='ltr'>et</span> <span class='ocrx_word' id='word_1_138' title='bbox 279 2219 397 2278; x_wconf 86' lang='lat' dir='ltr'>motivo.</span> <span class='ocrx_word' id='word_1_139' title='bbox 440 2219 484 2278; x_wconf 85' lang='lat'>20.</span> <span class='ocrx_word' id='word_1_140' title='bbox 505 2219 657 2295; x_wconf 82' lang='lat' dir='ltr'>Experto</span> <span class='ocrx_word' id='word_1_141' title='bbox 684 2217 830 2294; x_wconf 84' lang='lat' dir='ltr'>operantis</span> <span class='ocrx_word' id='word_1_142' title='bbox 852 2218 1011 2295; x_wconf 87' lang='lat' dir='ltr'>requiritur</span> 
     </span>
     <span class='ocr_line' id='line_1_17' title="bbox 62 2317 1007 2397; baseline -0.006 -14"><span class='ocrx_word' id='word_1_143' title='bbox 62 2327 179 2383; x_wconf 84' lang='lat' dir='ltr'>tantum</span> <span class='ocrx_word' id='word_1_144' title='bbox 193 2320 319 2380; x_wconf 84' lang='lat' dir='ltr'>conditio</span> <span class='ocrx_word' id='word_1_145' title='bbox 333 2319 436 2397; x_wconf 89' lang='lat' dir='ltr'>prima,</span> <span class='ocrx_word' id='word_1_146' title='bbox 459 2323 494 2378; x_wconf 90' lang='lat' dir='ltr'>ut</span> <span class='ocrx_word' id='word_1_147' title='bbox 508 2319 546 2376; x_wconf 88' lang='lat' dir='ltr'>sit</span> <span class='ocrx_word' id='word_1_148' title='bbox 559 2317 661 2387; x_wconf 88' lang='lat' dir='ltr'>viator,</span> <span class='ocrx_word' id='word_1_149' title='bbox 683 2336 743 2375; x_wconf 90' lang='lat' dir='ltr'>non</span> <span class='ocrx_word' id='word_1_150' title='bbox 762 2321 860 2377; x_wconf 85' lang='lat' dir='ltr'>autem</span> <span class='ocrx_word' id='word_1_151' title='bbox 874 2319 1007 2392; x_wconf 79' lang='lat' dir='ltr'>secunda,</span> 
     </span>
     <span class='ocr_line' id='line_1_18' title="bbox 60 2415 1011 2497; baseline -0.005 -15"><span class='ocrx_word' id='word_1_152' title='bbox 60 2430 97 2483; x_wconf 89' lang='lat' dir='ltr'>ut</span> <span class='ocrx_word' id='word_1_153' title='bbox 117 2423 154 2482; x_wconf 89' lang='lat' dir='ltr'>sit</span> <span class='ocrx_word' id='word_1_154' title='bbox 177 2421 210 2481; x_wconf 92' lang='lat' dir='ltr'>iu</span> <span class='ocrx_word' id='word_1_155' title='bbox 234 2425 309 2481; x_wconf 85' lang='lat' dir='ltr'>statu</span> <span class='ocrx_word' id='word_1_156' title='bbox 332 2419 442 2497; x_wconf 72' lang='lat' dir='ltr'>gratiae.</span> <span class='ocrx_word' id='word_1_157' title='bbox 482 2418 525 2478; x_wconf 84' lang='lat'>3⁰.</span> <span class='ocrx_word' id='word_1_158' title='bbox 546 2418 596 2476; x_wconf 88' lang='lat' dir='ltr'>Ex</span> <span class='ocrx_word' id='word_1_159' title='bbox 614 2420 696 2493; x_wconf 86' lang='lat' dir='ltr'>parte</span> <span class='ocrx_word' id='word_1_160' title='bbox 709 2415 766 2476; x_wconf 90' lang='lat' dir='ltr'>Dei</span> <span class='ocrx_word' id='word_1_161' title='bbox 778 2435 834 2474; x_wconf 90' lang='lat' dir='ltr'>non</span> <span class='ocrx_word' id='word_1_162' title='bbox 849 2417 1011 2494; x_wconf 84' lang='lat' dir='ltr'>requiritur</span> 
     </span>
     <span class='ocr_line' id='line_1_19' title="bbox 57 2519 616 2604; baseline -0.011 -21"><span class='ocrx_word' id='word_1_163' title='bbox 57 2521 216 2604; x_wconf 86' lang='lat' dir='ltr'>promissio.</span> <span class='ocrx_word' id='word_1_164' title='bbox 614 2519 616 2524; x_wconf 83' lang='grc'><strong>’</strong></span> 
     </span>
    </p>

    <p class='ocr_par' dir='ltr' id='par_1_7' title="bbox 62 2613 1049 3104">
     <span class='ocr_line' id='line_1_20' title="bbox 106 2613 1010 2698; baseline -0.008 -15"><span class='ocrx_word' id='word_1_165' title='bbox 106 2629 170 2684; x_wconf 87' lang='grc'><strong>142.</strong></span> <span class='ocrx_word' id='word_1_166' title='bbox 192 2621 266 2682; x_wconf 88' lang='lat' dir='ltr'><strong>Dixi</strong></span> <span class='ocrx_word' id='word_1_167' title='bbox 289 2639 348 2680; x_wconf 93' lang='lat' dir='ltr'>non</span> <span class='ocrx_word' id='word_1_168' title='bbox 371 2618 481 2698; x_wconf 80' lang='lat' dir='ltr'>requiri</span> <span class='ocrx_word' id='word_1_169' title='bbox 501 2620 554 2678; x_wconf 88' lang='lat' dir='ltr'>aut</span> <span class='ocrx_word' id='word_1_170' title='bbox 576 2618 684 2676; x_wconf 86' lang='lat' dir='ltr'>statum</span> <span class='ocrx_word' id='word_1_171' title='bbox 704 2613 805 2692; x_wconf 86' lang='lat' dir='ltr'>gratiae</span> <span class='ocrx_word' id='word_1_172' title='bbox 825 2617 1010 2693; x_wconf 87' lang='lat' dir='ltr'>autpromis·</span> 
     </span>
     <span class='ocr_line' id='line_1_21' title="bbox 68 2715 1049 2792; baseline -0.014 -6"><span class='ocrx_word' id='word_1_173' title='bbox 68 2727 175 2787; x_wconf 88' lang='lat' dir='ltr'>sionem</span> <span class='ocrx_word' id='word_1_174' title='bbox 193 2721 268 2783; x_wconf 88' lang='lat' dir='ltr'>Dei:</span> <span class='ocrx_word' id='word_1_175' title='bbox 293 2723 380 2782; x_wconf 87' lang='lat' dir='ltr'>datur</span> <span class='ocrx_word' id='word_1_176' title='bbox 400 2720 477 2780; x_wconf 88' lang='lat' dir='ltr'>enim</span> <span class='ocrx_word' id='word_1_177' title='bbox 496 2718 633 2778; x_wconf 85' lang='lat' dir='ltr'>meritum</span> <span class='ocrx_word' id='word_1_178' title='bbox 654 2716 689 2775; x_wconf 88' lang='lat' dir='ltr'>de</span> <span class='ocrx_word' id='word_1_179' title='bbox 710 2733 835 2792; x_wconf 84' lang='lat' dir='ltr'>congruo</span> <span class='ocrx_word' id='word_1_180' title='bbox 853 2715 915 2775; x_wconf 91' lang='lat' dir='ltr'>sine</span> <span class='ocrx_word' id='word_1_181' title='bbox 937 2715 1006 2776; x_wconf 86' lang='lat' dir='ltr'>illis.</span> <span class='ocrx_word' id='word_1_182' title='bbox 1046 2767 1049 2772; x_wconf 90' lang='lat'>.</span> 
     </span>
     <span class='ocr_line' id='line_1_22' title="bbox 66 2817 1007 2905; baseline -0.013 -16"><span class='ocrx_word' id='word_1_183' title='bbox 66 2831 115 2889; x_wconf 86' lang='lat' dir='ltr'>An</span> <span class='ocrx_word' id='word_1_184' title='bbox 129 2831 158 2888; x_wconf 92' lang='lat' dir='ltr'>et</span> <span class='ocrx_word' id='word_1_185' title='bbox 173 2825 245 2905; x_wconf 90' lang='lat' dir='ltr'>quid</span> <span class='ocrx_word' id='word_1_186' title='bbox 256 2826 357 2903; x_wconf 82' lang='lat' dir='ltr'>justus</span> <span class='ocrx_word' id='word_1_187' title='bbox 369 2822 460 2900; x_wconf 87' lang='lat' dir='ltr'>possit</span> <span class='ocrx_word' id='word_1_188' title='bbox 472 2840 582 2880; x_wconf 87' lang='lat' dir='ltr'>merere</span> <span class='ocrx_word' id='word_1_189' title='bbox 596 2820 631 2878; x_wconf 89' lang='lat' dir='ltr'>de</span> <span class='ocrx_word' id='word_1_190' title='bbox 645 2837 770 2894; x_wconf 81' lang='lat' dir='ltr'>congruo</span> <span class='ocrx_word' id='word_1_191' title='bbox 780 2817 843 2894; x_wconf 90' lang='lat' dir='ltr'>jam</span> <span class='ocrx_word' id='word_1_192' title='bbox 852 2817 1007 2878; x_wconf 79' lang='lat' dir='ltr'>videbitur.</span> 
     </span>
     <span class='ocr_line' id='line_1_23' title="bbox 67 2914 1008 3004; baseline -0.017 -16"><span class='ocrx_word' id='word_1_193' title='bbox 67 2930 98 2990; x_wconf 80' lang='lat' dir='ltr'>Si</span> <span class='ocrx_word' id='word_1_194' title='bbox 112 2928 186 2987; x_wconf 86' lang='lat' dir='ltr'>adsit</span> <span class='ocrx_word' id='word_1_195' title='bbox 200 2923 361 3004; x_wconf 88' lang='lat' dir='ltr'>promissio,</span> <span class='ocrx_word' id='word_1_196' title='bbox 374 2920 510 2982; x_wconf 86' lang='lat' dir='ltr'>meritum</span> <span class='ocrx_word' id='word_1_197' title='bbox 523 2925 643 2979; x_wconf 80' lang='lat' dir='ltr'>vocatur</span> <span class='ocrx_word' id='word_1_198' title='bbox 657 2917 692 2977; x_wconf 84' lang='lat' dir='ltr'>de</span> <span class='ocrx_word' id='word_1_199' title='bbox 705 2935 832 2993; x_wconf 81' lang='lat' dir='ltr'>congruo</span> <span class='ocrx_word' id='word_1_200' title='bbox 844 2914 1008 2988; x_wconf 78' lang='lat' dir='ltr'>infallibili3</span> 
     </span>
     <span class='ocr_line' id='line_1_24' title="bbox 62 3019 645 3104; baseline -0.022 -13"><span class='ocrx_word' id='word_1_201' title='bbox 62 3029 180 3104; x_wconf 75' lang='lat' dir='ltr'>uiderit,</span> <span class='ocrx_word' id='word_1_202' title='bbox 195 3032 315 3090; x_wconf 82' lang='lat' dir='ltr'>vocatur</span> <span class='ocrx_word' id='word_1_203' title='bbox 329 3025 365 3084; x_wconf 92' lang='lat' dir='ltr'>de</span> <span class='ocrx_word' id='word_1_204' title='bbox 378 3041 504 3099; x_wconf 75' lang='lat' dir='ltr'>congruo</span> <span class='ocrx_word' id='word_1_205' title='bbox 518 3019 645 3081; x_wconf 82' lang='lat' dir='ltr'>fallibili.</span> 
     </span>
    </p>
   </div>
   <div class='ocr_carea' id='block_1_6' title="bbox 343 3258 711 3360">
    <p class='ocr_par' dir='ltr' id='par_1_8' title="bbox 343 3258 711 3360">
     <span class='ocr_line' id='line_1_25' title="bbox 343 3258 711 3360; baseline -0.024 -35"><span class='ocrx_word' id='word_1_206' title='bbox 343 3263 358 3346; x_wconf 66' lang='grc' dir='ltr'>ξ</span> <span class='ocrx_word' id='word_1_207' title='bbox 372 3269 399 3324; x_wconf 83' lang='grc'>8.</span> <span class='ocrx_word' id='word_1_208' title='bbox 420 3262 463 3320; x_wconf 79' lang='lat' dir='ltr'>De</span> <span class='ocrx_word' id='word_1_209' title='bbox 474 3261 588 3360; x_wconf 48' lang='grc' dir='ltr'>Ι011111</span> <span class='ocrx_word' id='word_1_210' title='bbox 601 3258 711 3318; x_wconf 72' lang='lat' dir='ltr'>auriti.</span> 
     </span>
    </p>
   </div>
   <div class='ocr_carea' id='block_1_7' title="bbox 69 3414 1005 3593">
    <p class='ocr_par' dir='ltr' id='par_1_9' title="bbox 69 3414 1005 3593">
     <span class='ocr_line' id='line_1_26' title="bbox 106 3414 1005 3505; baseline -0.018 -14"><span class='ocrx_word' id='word_1_211' title='bbox 106 3434 168 3490; x_wconf 81' lang='grc'><strong>143.</strong></span> <span class='ocrx_word' id='word_1_212' title='bbox 193 3431 259 3490; x_wconf 84' lang='lat' dir='ltr'>Non</span> <span class='ocrx_word' id='word_1_213' title='bbox 269 3446 341 3505; x_wconf 92' lang='lat' dir='ltr'>opus</span> <span class='ocrx_word' id='word_1_214' title='bbox 355 3429 399 3484; x_wconf 86' lang='lat' dir='ltr'>est</span> <span class='ocrx_word' id='word_1_215' title='bbox 408 3423 457 3483; x_wconf 85' lang='lat' dir='ltr'>his</span> <span class='ocrx_word' id='word_1_216' title='bbox 470 3424 592 3482; x_wconf 88' lang='lat' dir='ltr'>verbum</span> <span class='ocrx_word' id='word_1_217' title='bbox 604 3420 697 3478; x_wconf 82' lang='lat' dir='ltr'>facere</span> <span class='ocrx_word' id='word_1_218' title='bbox 707 3417 743 3475; x_wconf 88' lang='lat' dir='ltr'>ds</span> <span class='ocrx_word' id='word_1_219' title='bbox 755 3414 1005 3493; x_wconf 82' lang='lat' dir='ltr'>primagratiaae·</span> 
     </span>
     <span class='ocr_line' id='line_1_27' title="bbox 69 3515 1004 3593; baseline -0.018 -2"><span class='ocrx_word' id='word_1_220' title='bbox 69 3532 137 3592; x_wconf 86' lang='lat' dir='ltr'>tuali</span> <span class='ocrx_word' id='word_1_221' title='bbox 150 3553 156 3589; x_wconf 92' lang='lat'>:</span> <span class='ocrx_word' id='word_1_222' title='bbox 178 3529 323 3588; x_wconf 90' lang='lat' dir='ltr'>neminem</span> <span class='ocrx_word' id='word_1_223' title='bbox 338 3525 415 3584; x_wconf 76' lang='lat' dir='ltr'>enim</span> <span class='ocrx_word' id='word_1_224' title='bbox 430 3543 491 3582; x_wconf 80' lang='lat' dir='ltr'>eam</span> <span class='ocrx_word' id='word_1_225' title='bbox 502 3520 558 3580; x_wconf 89' lang='lat' dir='ltr'>sibi</span> <span class='ocrx_word' id='word_1_226' title='bbox 568 3537 675 3578; x_wconf 88' lang='lat' dir='ltr'>merere</span> <span class='ocrx_word' id='word_1_227' title='bbox 687 3535 770 3593; x_wconf 87' lang='lat' dir='ltr'>posse</span> <span class='ocrx_word' id='word_1_228' title='bbox 779 3515 842 3592; x_wconf 80' lang='lat' dir='ltr'>jam</span> <span class='ocrx_word' id='word_1_229' title='bbox 851 3515 1004 3592; x_wconf 86' lang='lat' dir='ltr'>probatum</span> 
     </span>
    </p>
   </div>
   <div class='ocr_carea' id='block_1_8' title="bbox 66 3619 1006 3808">
    <p class='ocr_par' dir='ltr' id='par_1_10' title="bbox 66 3619 1006 3808">
     <span class='ocr_line' id='line_1_28' title="bbox 66 3619 1006 3704; baseline -0.02 -11"><span class='ocrx_word' id='word_1_230' title='bbox 66 3639 114 3704; x_wconf 86' lang='lat' dir='ltr'>est,</span> <span class='ocrx_word' id='word_1_231' title='bbox 124 3635 220 3690; x_wconf 84' lang='lat' dir='ltr'>eontra</span> <span class='ocrx_word' id='word_1_232' title='bbox 232 3625 519 3704; x_wconf 69' lang='lat' dir='ltr'>semipelagianosd.</span> <span class='ocrx_word' id='word_1_233' title='bbox 532 3627 559 3680; x_wconf 84' lang='lat'>3.</span> <span class='ocrx_word' id='word_1_234' title='bbox 581 3621 718 3680; x_wconf 78' lang='lat' dir='ltr'>Peccator</span> <span class='ocrx_word' id='word_1_235' title='bbox 726 3634 784 3674; x_wconf 89' lang='lat' dir='ltr'>non</span> <span class='ocrx_word' id='word_1_236' title='bbox 794 3619 889 3692; x_wconf 87' lang='lat' dir='ltr'>potest</span> <span class='ocrx_word' id='word_1_237' title='bbox 896 3634 1006 3674; x_wconf 91' lang='lat' dir='ltr'>merere</span> 
     </span>
     <span class='ocr_line' id='line_1_29' title="bbox 69 3713 1006 3808; baseline -0.019 -15"><span class='ocrx_word' id='word_1_238' title='bbox 69 3737 103 3796; x_wconf 84' lang='lat' dir='ltr'>de</span> <span class='ocrx_word' id='word_1_239' title='bbox 122 3731 278 3808; x_wconf 75' lang='lat' dir='ltr'>condign03</span> <span class='ocrx_word' id='word_1_240' title='bbox 301 3727 389 3786; x_wconf 87' lang='lat' dir='ltr'>adid</span> <span class='ocrx_word' id='word_1_241' title='bbox 417 3725 494 3786; x_wconf 90' lang='lat' dir='ltr'>enim</span> <span class='ocrx_word' id='word_1_242' title='bbox 518 3719 694 3782; x_wconf 84' lang='lat' dir='ltr'>necessarius</span> <span class='ocrx_word' id='word_1_243' title='bbox 716 3721 760 3776; x_wconf 86' lang='lat' dir='ltr'>est</span> <span class='ocrx_word' id='word_1_244' title='bbox 780 3719 872 3775; x_wconf 83' lang='lat' dir='ltr'>status</span> <span class='ocrx_word' id='word_1_245' title='bbox 894 3713 1006 3791; x_wconf 81' lang='lat' dir='ltr'>gratiae·</span> 
     </span>
    </p>
   </div>
   <div class='ocr_carea' id='block_1_9' title="bbox 0 0 1208 4304">
    <p class='ocr_par' dir='ltr' id='par_1_11' title="bbox 0 0 1208 4304">
     <span class='ocr_line' id='line_1_30' title="bbox 0 0 1208 4304; baseline 0 3"><span class='ocrx_word' id='word_1_246' title='bbox 0 0 1208 4304; x_wconf 95' lang='lat' dir='ltr'> </span> 
     </span>
    </p>
   </div>
  </div>
 </body>
</html>
