2402 4292
163 359 226 441 368
531 354 586 421 Dc
604 354 736 423 Gratia.
985 357 1088 442 [osse.
1104 377 1133 423 x.

162 521 318 604 peccatrix,
337 522 408 583 Lao.
422 521 474 583 vii.
499 525 608 600 (supra,
629 543 658 584 n.
675 525 738 603 57).
784 526 863 585 Haec
884 528 931 583 est
952 523 1029 583 fides
1048 543 1133 602 quan

163 627 302 684 memoret
316 623 434 694 Paulus,
451 623 557 700 Ephes.
572 623 611 682 vi.
630 628 665 682 le
676 630 748 683 :-“
759 625 799 682 In
814 623 964 682 omnibus
986 633 1134 684 sumentes

163 725 279 783 scutum
292 722 370 794 fidei,
393 723 424 780 in
437 742 495 800 quo
513 723 629 800 possitis
649 723 747 782 omnia
762 723 822 783 tela
843 724 1028 800 nequissimi
1050 727 1133 802 ignes

163 824 348 898 exstinguere
360 820 390 886 :''
412 825 441 881 et
460 824 492 880 in
511 822 645 899 Epistola
664 823 701 882 ad
721 823 867 883 Hebraeos
881 827 945 882 toto
960 825 1063 902 capite
1083 845 1133 883 nn·

162 923 283 982 deoirno.
325 921 399 981 Haec
413 925 457 981 est
470 921 541 981 fides
555 941 642 998 quam
657 923 841 982 commendat
855 923 977 995 Petrus,
997 927 1013 982 1
1027 925 1093 984 Pet
1107 943 1133 984 r.

162 1025 191 1095 8,
208 1025 304 1082 9:-“
314 1020 507 1080 Adversarius
522 1025 618 1082 vester
631 1022 764 1082 diabolus
778 1023 922 1099 tanquam
941 1042 996 1083 reo
1015 1026 1133 1099 rugiens

163 1119 266 1182 circuit
280 1137 412 1198 quaerens
423 1139 509 1197 quem
524 1121 659 1180 devoret:
682 1121 731 1180 cui
745 1122 875 1182 resistite
889 1123 985 1182 fortes
999 1123 1033 1182 in
1045 1124 1131 1183 fide.”

164 1223 212 1282 Ita
225 1220 256 1280 in
270 1219 405 1280 omnibus
425 1219 504 1292 locis,
526 1239 563 1280 ne
583 1240 642 1279 uno
663 1219 782 1297 quidem
806 1225 941 1297 excepto,
966 1223 1003 1280 in
1025 1222 1131 1299 quibus

162 1321 299 1381 laudatur
312 1319 362 1379 vel
385 1319 604 1380 commendetur
627 1321 708 1380 fides.
751 1319 811 1398 (De
830 1320 974 1393 Ecclesia,
1000 1321 1039 1382 D.
1056 1327 1085 1394 6,
1100 1342 1126 1380 n.

164 1421 249 1496 404.)

205 1525 252 1582 61.
273 1520 408 1580 Janvero
429 1519 507 1598 apud
525 1539 624 1580 omnes
643 1539 754 1598 semper
774 1519 904 1580 invaluit
917 1539 992 1581 usus
1014 1521 1069 1582 ille
1087 1521 1125 1581 lo

163 1621 272 1700 qaendi
286 1619 462 1692 notissimus,
485 1619 641 1679 secundum
657 1639 752 1698 quem,
776 1619 801 1678 si
821 1621 922 1698 plures
944 1640 1053 1693 cansoe,
1069 1621 1124 1680 die

163 1719 329 1800 positiones,
353 1719 541 1792 conditiones,
565 1721 615 1780 &c
643 1724 816 1780 concurrant
839 1721 872 1779 in
896 1721 1008 1780 effectu
1028 1721 1124 1798 aliquo

163 1827 356 1906 producendo,
379 1846 439 1886 non
466 1845 579 1904 semper
601 1845 654 1886 nec
683 1825 771 1886 etiam
798 1827 985 1904 regulariter,
1011 1828 1045 1886 in
1071 1827 1123 1886 isto
1182 1899 1183 1910 χ

164 1929 268 1988 effectu
283 1928 424 2005 quomodo
435 1925 612 1987 efficiebatur
624 1925 789 1999 indicando,
811 1931 1015 1987 memorantur
1028 1945 1121 1987 ornnes
1182 1929 1183 2004 t

163 2027 225 2089 illae
253 2047 355 2100 oausre,
384 2027 442 2101 sed,
472 2027 632 2087 secundum
658 2027 891 2087 circumstantias
923 2027 1118 2105 loquentium,
1182 2015 1183 2090 ἶ

165 2125 357 2199 audientium,
374 2129 436 2199 tio,
453 2145 532 2186 nunc
545 2127 608 2186 haec
622 2145 717 2198 eausa,
739 2145 818 2186 nuno
830 2125 892 2188 illa.
935 2127 1026 2199 Etsi,
1047 2127 1119 2186 inter

165 2243 265 2286 causas
284 2223 365 2300 istae,
387 2245 448 2285 une
466 2225 504 2286 sit
519 2225 564 2304 (a)
579 2226 678 2285 ordine
698 2225 800 2302 prima,
824 2225 870 2304 (b)
885 2245 924 2285 ex
939 2245 1001 2304 qua
1022 2231 1117 2287 cetera

165 2345 257 2387 causa
278 2329 350 2386 ortee
370 2330 440 2386 sunt
462 2328 493 2386 ct
513 2327 686 2397 crescebant,
709 2326 752 2403 (o)
767 2343 806 2384 ex
823 2345 884 2403 qua
904 2331 1010 2385 ceterae
1031 2343 1117 2385 cam

165 2447 247 2487 suam
267 2427 421 2487 efficaciam
441 2425 483 2485 ite
503 2425 647 2500 derivant,
669 2431 703 2485 ut
722 2445 780 2504 quo
792 2426 939 2486 valentior
959 2428 1018 2486 ista
1038 2445 1117 2487 osan

165 2530 211 2588 est
223 2545 256 2586 eo
269 2525 445 2587 valentiores
461 2527 490 2586 et
511 2525 570 2586 illo
594 2529 672 2598 sunt,
689 2524 736 2605 (d)
749 2545 787 2586 ex
807 2545 877 2603 qua,
903 2525 1043 2603 deniqne,
1063 2525 1116 2586 111ae

165 2645 259 2688 oausae
272 2627 316 2688 ita
328 2627 465 2706 pendent,
479 2629 523 2700 ut,
535 2645 570 2687 ea
578 2645 638 2686 non
652 2626 805 2700 existente,
820 2627 880 2687 illoe
893 2645 949 2687 nec
963 2626 1117 2687 existerent

164 2745 218 2788 neo
231 2727 356 2788 existere
368 2728 493 2806 possent,
515 2745 550 2786 ea
563 2725 703 2799 extincta,
724 2725 784 2786 illae
798 2725 898 2786 statim
913 2725 1114 2803 extingueren-

165 2830 333 2901 tur-sane,
353 2845 452 2905 ponas,
474 2825 551 2886 inter
564 2845 665 2885 causas
686 2825 914 2905 (dispositiones,
930 2826 1113 2898 conditiones,

167 2927 232 3006 tc.)
252 2927 360 3004 plnres,
382 2945 471 2986 unam
492 2927 618 2986 existere
638 2945 753 2986 causam
774 2925 926 3004 ejusmodi,
952 2926 1017 2986 sino
1034 2926 1114 2986 dnbio
1180 2959 1181 3008 p

165 3027 305 3101 homines,
329 3027 483 3105 loquentes
504 3027 539 3086 de
563 3025 668 3087 effectu
691 3045 727 3086 ex
748 3025 809 3085 illis
835 3025 931 3084 causis
958 3025 1113 3104 conjunctis

165 3133 259 3203 enato,
281 3131 368 3189 istam
382 3147 498 3188 causam
512 3127 602 3188 solam
614 3126 788 3205 plerumque
802 3131 1006 3186 memorarent
1023 3130 1024 3133 ’
1047 3129 1110 3198 Ino,

164 3232 190 3292 si
203 3232 279 3292 inter
292 3250 393 3292 causas
406 3249 465 3289 nna
482 3229 521 3290 sit
534 3249 593 3308 prae
612 3230 715 3291 ceteris
734 3227 866 3305 insignis,
886 3227 944 3288 etsi
962 3229 1036 3288 alies
1047 3247 1111 3306 pra·
1179 3217 1180 3222 ¹

164 3333 240 3393 fatas
253 3333 410 3411 qualitates
425 3350 484 3391 non
497 3331 611 3405 habeat,
630 3331 701 3391 huic
715 3331 822 3409 passim
838 3330 972 3390 homines
986 3331 1110 3390 effectum
1179 3391 1180 3398 ,

164 3433 335 3493 tribuerent.
377 3431 435 3505 Sic,
451 3451 598 3492 successus
611 3432 752 3491 bonorum
766 3433 922 3509 pastorum,
938 3430 970 3489 in
983 3429 1109 3490 fidelibus
1179 3419 1180 3428 ¹

164 3532 221 3590 sibi
235 3532 363 3591 comissis
376 3532 520 3605 curandis,
529 3533 564 3590 'in
572 3532 626 3590 hoc
639 3534 753 3608 pastore
767 3529 914 3590 sanctitati
925 3529 991 3607 ejus
1004 3529 1108 3589 eximie

162 3617 341 3690 tribiieretur
351 3652 359 3701 ;
381 3631 411 3689 in
432 3631 484 3690 illo
503 3630 689 3709 prudentiae;
711 3631 743 3690 in
756 3629 812 3690 alio
825 3627 1062 3704 mansuetudini,
1079 3627 1105 3688 in
