2410 4318
57 457 153 503 ursa.
171 435 255 520 ιιι]
305 432 500 498 DeGratz'a
514 433 779 521 EfficetSuffic.
972 455 1032 516 2¹3

60 619 271 680 quaeenmque
308 599 435 659 ubertati
475 601 540 678 ejus
573 602 686 660 obesset
719 599 844 660 abstulit
879 600 1037 679 (“lapides
1154 673 1158 678 ἱ

62 701 207 780 elegit'')
227 720 235 760 ε
256 699 332 759 vitos
355 699 480 776 optimas
501 699 535 758 in
559 720 593 759 ea
616 700 715 778 posuit
738 699 950 780 (“plantanvit
963 700 1036 760 elec·

64 807 131 862 tam
143 801 181 876 '')
199 820 207 857 :
234 802 283 858 &a
323 798 397 857 Haec
413 799 510 857 omnia
527 799 617 859 talem
630 803 800 878 tantamque
813 819 913 859 curam
926 809 957 859 et
970 799 1037 858 dili·

64 900 208 977 gentiam
223 900 261 957 da
274 898 369 968 vinea,
383 901 418 957 ut
431 898 543 957 fructus
561 899 651 958 bonos
664 899 859 976 profunderet,
876 898 1037 958 adhibitam

66 999 257 1076 significant,
286 1015 353 1074 quae
377 997 414 1056 ad
434 997 620 1073 largitionem
653 998 755 1074 gratie
784 998 892 1074 populo
909 998 1038 1073 ¹Judaico

68 1101 195 1170 factam,
213 1117 305 1174 quam
332 1097 402 1155 adeo
421 1116 540 1157 nervose
561 1101 780 1175 repraesentant,
801 1096 952 1168 translata,
975 1116 1038 1156 eam

67 1197 259 1258 uberrimam
273 1195 363 1256 fuisse
384 1199 413 1255 et
434 1196 663 1273 potentissimam
676 1197 762 1274 plane
776 1195 951 1273 significant.
993 1195 1036 1254 2⁰.

71 1299 158 1358 Deus
179 1296 310 1356 affirmat
333 1313 363 1355 se
382 1314 420 1354 ex
442 1295 544 1371 gratiis
567 1295 632 1355 istis
654 1296 761 1373 populo
781 1295 903 1355 ludaico
927 1294 1041 1355 collatis

71 1399 254 1474 expectasse
273 1394 387 1454 fruetus
407 1397 550 1455 bonorum
571 1415 711 1472 operum:
736 1395 786 1454 sed
799 1393 914 1454 infinite
928 1393 1042 1470 sapiens

74 1501 107 1556 et
127 1515 227 1556 verax
241 1493 272 1552 id
287 1494 427 1553 affirmare
450 1514 509 1552 non
531 1495 638 1570 potuit,
660 1493 719 1552 nisi
739 1494 841 1570 gratiae
863 1493 923 1552 illae
947 1496 1042 1552 essent

74 1615 146 1654 vere
169 1599 204 1656 et
229 1593 394 1662 omnimodo
417 1593 600 1654 sufficientes.
642 1594 791 1660 Quomodo
806 1593 883 1652 enim
898 1593 1039 1651 affirmare

77 1694 181 1772 potuit
196 1713 229 1753 se
244 1701 397 1770 expectare
411 1699 446 1752 ut
459 1697 590 1752 ereatura
603 1692 635 1752 id
647 1697 805 1770 prestaret,
827 1693 905 1770 quod
919 1693 947 1750 ei
960 1693 1042 1751 abso-

77 1797 144 1856 lute
165 1795 353 1874 impossibile
376 1795 436 1855 fuit
462 1795 623 1872 praestare?
669 1796 718 1858 3⁰.
748 1796 832 1855 Adeo
855 1795 1040 1854 manifestum

79 1895 151 1968 fuit,
176 1900 210 1954 et
235 1893 349 1954 nullam
367 1895 586 1955 excusationem
605 1895 786 1955 habens—et
807 1895 839 1953 id
861 1894 933 1972 ipsis
954 1893 1043 1953 etiam

83 1993 210 2066 ludaeis,
237 1993 310 2070 ipsis
330 1992 615 2053 reis-inefficaciam
632 1993 736 2071 gratiae
758 2013 858 2053 eorum
870 1991 1043 2053 resistentia

87 2092 143 2151 soli
157 2093 350 2152 tribuendam
374 2111 443 2166 esse,
468 2097 504 2152 ut
526 2093 606 2153 Deua
630 2113 678 2153 eos
691 2093 885 2172 adjudicium
898 2096 1044 2171 provocet,

84 2196 120 2252 nt
146 2193 261 2262 dicant,
277 2191 302 2250 si
315 2192 436 2268 possint,
460 2195 605 2270 quodnam
628 2195 709 2253 aliud
731 2193 880 2272 potentius
902 2193 1046 2252 auxilium

86 2288 124 2348 iis
135 2290 290 2369 impertire
304 2291 414 2366 debuit,
439 2295 546 2370 praeter
571 2294 691 2372 eajquae
704 2293 874 2371 impertivit,
887 2296 923 2352 ut
935 2293 1048 2352 fructus

86 2390 178 2450 bonos
192 2393 290 2450 facere
304 2397 429 2468 possent.

129 2495 178 2548 64.
204 2493 425 2550 Aneunrnrmr
447 2492 494 2552 II.
526 2496 545 2526 “
556 2493 728 2564 Jerusalem,
754 2492 919 2553 Jerusalem
921 2531 1048 2564 .....

91 2589 209 2664 quoties
222 2588 305 2649 volui
320 2609 493 2667 congregare
505 2591 581 2650 filios
594 2595 669 2668 tuos,
684 2591 927 2669 quemadmodum
940 2591 1051 2667 gallina

92 2691 254 2764 congregat
267 2687 364 2764 pullos
377 2710 443 2749 suos
465 2691 519 2750 sub
542 2692 612 2762 alas,
633 2696 663 2750 et
686 2689 839 2750 noluisti.'’
860 2691 948 2749 Matt.
963 2689 1050 2748 xxiii.

95 2786 143 2845 37.
187 2787 333 2847 Similiter
353 2792 383 2848 et
403 2790 474 2849 Luc.
499 2791 564 2848 xiii.
588 2794 636 2849 34.
678 2791 741 2849 Ista
762 2789 927 2850 resistentia
949 2789 1052 2865 gratiae

97 2885 153 2944 Dei
167 2887 276 2964 sepius
289 2887 361 2947 alibi
378 2888 410 2947 in
433 2890 463 2950 S.
484 2889 635 2966 Scriptura
658 2889 848 2966 significatur,
874 2893 909 2949 ut
929 2889 1014 2948 Prov.
1029 2887 1051 2948 i.

99 2987 197 3043 24-25
213 2992 286 3045 :-“
297 2987 415 3060 Vocari,
431 2991 462 3048 et
474 2988 620 3062 renuistis,
641 2990 761 3049 extendi
774 3009 892 3049 manum
905 3008 1008 3061 meam,
1024 2992 1055 3048 et

99 3101 156 3142 non
166 3085 228 3147 fuit
242 3087 293 3164 qui
302 3087 451 3164 aspiceret.
492 3089 674 3166 Despexistis
685 3109 768 3150 omne
779 3089 932 3149 consilium
946 3108 1052 3160 meum,

100 3187 130 3238 et
156 3183 370 3260 increpationes
404 3207 483 3246 meas
513 3189 714 3264 neglexistis.'’
763 3190 905 3249 Similiter
930 3193 960 3248 at
983 3187 1054 3249 Isai.

100 3283 208 3342 xxviii.
233 3290 284 3358 12;
306 3306 379 3346 xxx.
406 3292 461 3359 15;
483 3289 546 3349 lxv.
572 3293 628 3364 123·
658 3291 732 3352 lxvi.
758 3296 796 3365 4;
816 3291 906 3350 Jerm.
931 3289 983 3348 vii.
1009 3291 1057 3346 13.

105 3380 183 3440 Item
196 3384 288 3444 effusa
310 3386 427 3462 largitio
448 3389 551 3465 gratiae
576 3395 605 3449 et
628 3391 804 3451 defensionis
826 3390 935 3449 divinae
949 3387 1057 3465 saepius

105 3480 262 3543 exhibetur
275 3488 329 3546 sub
342 3488 512 3566 metaphora
535 3490 645 3549 alarum
669 3491 752 3568 quasi
774 3489 836 3549 avis
850 3507 898 3548 eas
910 3488 947 3548 ad
959 3490 1056 3565 prote·

107 3580 439 3660 gandumextendentie,
463 3591 498 3648 ut
521 3588 632 3648 Psalm.
655 3589 709 3649 xvi
731 3594 787 3649 8-9
798 3587 941 3650 2-“Sub
953 3587 1058 3646 umbra

109 3675 220 3740 alarum
237 3686 363 3744 tuarum
383 3691 503 3765 protege
518 3690 573 3749 'me
585 3689 613 3769 {a
637 3689 711 3750 faeie
747 3690 913 3768 impiorum,
937 3695 990 3773 qui
1012 3718 1059 3758 me
