2410 4314
78 379 173 426 mse.
193 360 270 446 ιιι]
318 362 374 428 De
391 361 513 436 Gratia
527 362 686 430 elevante:
706 362 852 450 pose'tioe.
1012 383 1052 448 59

118 528 173 587 ⁴⁶3.
198 527 280 595 Quae
302 531 404 590 contra
423 530 499 591 hanc
517 519 691 592 sententiam
705 550 722 590 a
738 529 911 608 quibusdam
929 528 1053 588 auctori-
1079 575 1080 578 ι

68 627 137 686 'bus
160 626 220 714 qui
244 632 312 706 post
336 630 507 691 soranum
525 631 703 710 scripserunt
724 629 858 709 (Gallicis
878 627 1052 707 praesertim)

76 726 292 802 proferuntur,
310 729 380 790 adeo
404 730 479 791 olore
503 735 533 792 et
554 730 673 792 inviote'
686 734 771 790 anteo
795 731 830 790 ab
849 729 912 807 ipso
931 728 1053 806 disjecta

77 829 214 901 fuerant,
247 833 285 889 ut
307 829 396 891 mirer
424 831 509 892 valde
541 835 672 892 auctores
700 830 772 892 istos
798 829 829 890 id
851 849 909 890 non
935 829 1051 890 vidisse.

65 917 137 998 'Sic
170 929 210 986 ad
242 929 444 1007 objectionem,
474 950 539 1021 quae
573 930 756 992 communius
783 930 880 1003 datur,
908 929 1051 990 affirman-

77 1031 141 1086 tem
170 1028 303 1104 gratiam
330 1030 516 1105 excitantem,
541 1031 573 1091 in
595 1032 650 1092 hac
678 1030 832 1105 sententia,
859 1047 918 1088 non
948 1049 1009 1090 esso
1036 1049 1053 1088 a

77 1126 142 1184 solo
157 1127 248 1204 De03
271 1129 349 1207 quod
363 1134 406 1190 est
420 1135 519 1191 contra
536 1132 724 1210 Scripturam,
742 1129 870 1191 concilia
884 1133 914 1190 et
930 1131 1049 1189 Patres:

78 1227 246 1306 respondet
261 1229 372 1289 Susum
387 1231 424 1308 (c.
440 1236 467 1305 3,
483 1251 511 1290 n.
523 1231 564 1310 7),
583 1237 602 1264 “
612 1231 816 1308 distinguendo
824 1227 1052 1308 propositionem

79 1331 281 1406 assumptam,
298 1329 417 1404 scilicet,
427 1329 550 1408 primam
561 1331 687 1408 ¹gratiam
700 1331 765 1391 fieri
779 1351 796 1390 a
810 1329 869 1390 solo
883 1329 956 1390 Deo.
1001 1327 1055 1388 I'st

80 1427 163 1486 enim
177 1447 262 1502 vora,
280 1428 305 1488 si
320 1429 464 1507 particula
476 1429 565 1517 solum
580 1430 718 1490 excludat
731 1430 858 1490 hominis
869 1447 1047 1500 consensum,

79 1527 129 1585 vel
144 1527 240 1588 etiam
256 1528 282 1588 si
296 1529 433 1590 excludat
446 1550 528 1591 omne
538 1532 687 1602 meritum,
701 1530 779 1608 quod
794 1529 919 1588 maxime
933 1531 1048 1605 Augus-

81 1625 168 1688 tinus
181 1628 318 1690 intendit
334 1649 342 1690 :
363 1634 530 1690 nontamen
544 1651 605 1691 esse
618 1650 727 1702 reram,
744 1629 769 1689 si
783 1630 922 1690 excludat
935 1649 1048 1689 omnem

81 1727 241 1805 physicam
267 1729 451 1790 efficientiam
472 1729 638 1792 intellectus
665 1731 713 1790 vel
739 1729 909 1790 voluntatis.
938 1773 945 1787 .
974 1775 980 1789 .
1009 1773 1016 1790 .
1040 1775 1046 1788 .

85 1829 183 1888 Actus
197 1849 271 1890 vero
285 1829 347 1906 ipse
370 1829 413 1890 ita
436 1831 471 1891 fit
484 1851 501 1890 a
515 1815 574 1890 solo
590 1833 660 1901 Deo,
674 1835 709 1890 ut
732 1831 769 1890 ab
793 1829 844 1888 illo
864 1829 923 1888 solo
942 1829 1048 1890 habeut

64 1915 218 2002 initium,
244 1928 352 2006 etipse
370 1929 447 1989 solus
472 1928 511 1989 sit
534 1929 705 2008 principalis
726 1949 813 1990 causo
832 1928 954 2006 physica
973 1929 1044 2006 ejus,

84 2026 204 2086 moralis
245 2033 344 2088 antem
379 2029 484 2089 unica:
518 2035 548 2089 et
578 2029 621 2089 ita
658 2050 696 2089 ex
722 2035 805 2106 parte
839 2028 964 2088 hominis
995 2049 1046 2088 ex-

84 2123 217 2187 cluditur
245 2147 330 2188 omne
350 2128 487 2188 meritum
511 2129 559 2188 sel
585 2129 676 2190 libera
703 2129 874 2206 cooperatio,
899 2147 957 2186 non
978 2147 1046 2188 vero

84 2223 228 2302 physicus
253 2247 409 2289 concursus
435 2229 573 2307 potentiae
596 2230 633 2289 od
659 2233 756 2290 sotum
777 2229 896 2289 vitalem
917 2248 1045 2288 necessa-

84 2323 180 2386 rius.’'

126 2427 155 2484 4.
178 2424 279 2486 Datur
291 2425 386 2502 gratia
405 2425 535 2486 excitans
556 2419 620 2486 tum
642 2424 810 2484 intellectis
830 2429 894 2484 tum
914 2424 1048 2485 volunta·

85 2521 152 2584 tis..
187 2526 274 2585 Prior
297 2529 393 2585 autem
416 2530 460 2585 est
479 2524 619 2601 excitatio
641 2524 809 2584 intellectus
833 2543 920 2602 quam
944 2525 1048 2583 volun-

86 2621 174 2683 tatis:
194 2611 282 2702 ¹prius
295 2629 339 2685 est
353 2625 431 2684 enim
451 2629 486 2686 ut
504 2625 674 2684 intellectus
699 2624 827 2700 erigatur
841 2629 871 2684 et
884 2623 1048 2684 illustretur

87 2719 123 2778 ad
137 2723 288 2802 objectum
301 2725 527 2804 percipiendum,
551 2743 639 2802 quam
663 2725 799 2784 voluntas
823 2725 859 2783 ad
883 2724 958 2783 illud
971 2724 1046 2783 desi-

88 2819 246 2885 derandum
261 2830 291 2886 et
304 2827 513 2904 assequendum
527 2826 692 2887 inclinetur.
734 2827 865 2902 Insuper,
881 2827 977 2884 motus
990 2825 1044 2884 ista

88 2919 256 2987 intellectis
269 2947 325 2986 non
341 2934 385 2987 cst
399 2929 477 2988 nuda
487 2927 632 3006 perceptio
646 2926 761 3006 objecti,
777 2926 828 2985 sed
841 2930 885 2985 est
898 2925 1043 3002 perceptio

89 3040 139 3081 seu
162 3027 301 3104 cogitatio
333 3028 448 3106 objecti,
469 3033 504 3087 ut
536 3032 580 3088 est
608 3029 716 3106 bonum
738 3030 768 3086 et
789 3025 987 3098 desiderabile,
1012 3030 1042 3084 et

89 3124 195 3190 idcirco
215 3132 342 3192 includit
358 3133 503 3210 judicium
518 3133 645 3210 aliquod,
665 3152 724 3192 non
744 3131 862 3210 quidem
883 3130 1041 3191 necessario

89 3229 258 3308 perfectum,
287 3232 337 3292 sed
360 3229 1041 3310 imperfectum—implioitum-aequivalens.

90 3322 146 3398 lta,
171 3331 268 3406 quoad
290 3351 359 3404 rem,
385 3329 508 3406 Susura,
538 3352 562 3392 c.
590 3337 616 3392 6.
656 3332 704 3390 An
728 3349 796 3391 vero
816 3331 852 3390 ad
870 3349 954 3390 omne
968 3349 1040 3407 opus

91 3424 214 3488 salutare
227 3431 385 3491 necessaria
405 3431 444 3492 sit
456 3431 551 3508 gratia
571 3432 703 3492 excitans
723 3434 788 3490 tum
802 3427 961 3490 voluntatis
974 3433 1038 3488 tum

89 3519 261 3603 intellectus,
277 3529 411 3591 videatur
426 3529 512 3603 infra,
528 3551 557 3592 n.
577 3534 642 3604 109,
658 3533 708 3590 &a

128 3626 154 3680 ὅ.
187 3628 230 3688 20.
259 3629 357 3690 Posita
380 3629 474 3706 gratia
496 3651 569 3708 pure
593 3629 748 3701 excitante,
770 3631 800 3688 et
822 3628 915 3705 posita
938 3631 1034 3688 mente
