2424 4300
296 1115 585 1187 DISPUTATIO
609 1116 806 1190 QUINTA.

165 1331 214 1381 DE
239 1324 473 1380 NECESSITATE
501 1324 644 1376 GRATIJE
671 1327 718 1377 UT
746 1329 808 1380 EST
836 1328 946 1380 SIMUL

220 1413 454 1467 MEDICINALIS
471 1413 516 1462 ET
533 1410 707 1465 ELEVANS:
727 1415 893 1467 POSITIVE.

120 1584 148 1642 1.
170 1581 320 1642 Haotmus
333 1577 546 1656 disputavimus
557 1579 591 1637 de
600 1579 770 1640 necessitate
779 1579 879 1656 gratiae
893 1579 1034 1640 elevantis

77 1685 116 1745 ad
136 1703 223 1762 opera
244 1699 445 1761 quacumque,
466 1683 501 1739 ut
525 1679 585 1739 sint
608 1680 756 1756 salutaria,
778 1681 926 1753 facienda3
949 1681 1035 1741 etde

76 1785 248 1848 necessitate
275 1782 374 1860 gratiae
401 1780 531 1842 sanantis
554 1783 591 1840 ad
618 1801 705 1859 opera
727 1785 803 1844 bona
824 1784 922 1855 ardua,
946 1782 1033 1843 etiam

75 1908 156 1949 mere
169 1885 322 1958 naturalia,
338 1883 510 1963 praestanda.
551 1883 581 1944 N
582 1903 639 1943 uno
652 1883 860 1961 inquirendum
874 1889 918 1945 est
931 1885 966 1944 de
977 1885 1034 1943 alia

76 1995 106 2049 et
120 1985 238 2065 speciali
251 1984 422 2046 necessitate
435 1983 590 2060 utriusque
607 1982 720 2060 gratiae‚
741 1988 771 2044 et
789 1983 821 2043 id
838 1985 875 2044 ad
888 1985 944 2044 duo
958 2003 1032 2044 asse-

76 2087 203 2167 quenda,
227 2105 340 2163 nempe,
365 2084 402 2144 ad
421 2082 518 2144 omnia
537 2085 655 2162 peccata
668 2083 795 2144 venialia
807 2084 928 2147 vitanda
948 2089 978 2146 et
997 2085 1031 2144 ad

76 2187 319 2268 perseverandum
331 2185 364 2246 in
378 2185 539 2246 sanctitate.

127 2389 231 2467 PARS
251 2388 482 2449 Palma-ne
496 2387 634 2447 Psocsms
648 2387 831 2449 Vrmsmaos
845 2407 993 2449 vrssuors.

278 2567 294 2648 §
313 2573 338 2629 l.
363 2568 465 2629 Status
484 2569 651 2638 Quaslionis
664 2571 843 2646 explicatur..
906 2637 909 2644 ,

117 2779 146 2834 2.
168 2775 327 2838 Peccatum
340 2774 384 2831 est
397 2770 511 2831 veniale
524 2771 572 2831 vel
586 2791 623 2830 ex
637 2791 742 2849 genere
755 2792 807 2832 suo
828 2771 917 2851 (oum,
932 2771 1035 2832 sistens

78 2876 109 2936 in
129 2894 183 2936 sua
203 2873 306 2953 speeie,
328 2891 479 2950 nunquam
500 2872 563 2932 fieri
581 2875 677 2951 potest
694 2873 840 2952 mortale),
856 2873 904 2934 vel
917 2893 955 2934 ex
968 2895 1034 2952 par-

78 2978 169 3039 vitate
182 2974 320 3048 materiae,
335 2975 383 3035 vel
397 2994 434 3035 ox
447 2975 619 3052 imperfecta
633 2975 850 3036 deliberatione.

119 3085 148 3140 3.
178 3078 412 3155 “Supponimus,
445 3080 545 3136 contra
574 3077 747 3151 Lutherum,
776 3097 858 3154 posse
891 3077 1036 3139 hominem

78 3179 173 3241 vitare
198 3180 317 3256 peccata
339 3174 467 3236 venialia
494 3175 594 3235 saltem
621 3175 745 3237 divisive
772 3181 896 3254 sumpta,
919 3180 965 3239 vel
985 3199 1037 3257 per
1070 3213 1074 3224 ν

79 3279 209 3362 proprias
228 3279 306 3340 vires
324 3277 370 3337 vel
396 3277 496 3338 saltem
514 3297 565 3354 per
583 3278 659 3338 vires
681 3279 790 3356 gratiae.
832 3281 1034 3358 supponimus,

80 3387 180 3445 contra
193 3384 213 3443 J
215 3380 393 3453 ovinianum,
404 3378 550 3438 hominem
559 3379 672 3456 justum
681 3380 821 3440 viatorem
829 3400 911 3457 posse
920 3401 1036 3458 peccare

79 3485 242 3556 venialiter,
255 3489 284 3543 et
292 3485 443 3561 peceatum
451 3479 564 3540 veniale
577 3501 644 3542 oum
655 3486 732 3542 statu
740 3483 841 3559 gratiae
851 3483 1034 3560 conjungere.

80 3584 435 3666 Supponimuspraeterea,
451 3587 550 3642 contra
560 3583 720 3660 Pelagium,
731 3602 789 3642 non
799 3601 880 3660 posse
891 3583 1036 3645 hominem

79 3685 205 3767 propriis
218 3683 330 3745 viribus
344 3702 428 3744 omne
451 3686 600 3760 peecatum
614 3684 733 3744 veniale
743 3683 785 3743 ita
804 3702 964 3760 praecavere
984 3705 1036 3761 per
